<?xml version="1.0" encoding="UTF-8" ?>
<marc:collection xmlns:marc="http://www.loc.gov/MARC21/slim" xmlns:xsi="http://www.w3.org/2001/XMLSchema-instance" xsi:schemaLocation="http://www.loc.gov/MARC21/slim http://www.loc.gov/standards/marcxml/schema/MARC21slim.xsd">
	<marc:record>
		<marc:leader>04414ccm a2200709Ii 4500</marc:leader>
		<marc:controlfield tag="001">7222513</marc:controlfield>
		<marc:controlfield tag="005">20220714102049.4</marc:controlfield>
		<marc:controlfield tag="008">810312s190u    enksgl         n    eng d</marc:controlfield>
		<marc:datafield tag="010" ind1=" " ind2=" ">
			<marc:subfield code="a">   04017583 </marc:subfield>
		</marc:datafield>
		<marc:datafield tag="040" ind1=" " ind2=" ">
			<marc:subfield code="a">IUL</marc:subfield>
			<marc:subfield code="b">eng</marc:subfield>
			<marc:subfield code="e">rda</marc:subfield>
			<marc:subfield code="c">IUL</marc:subfield>
			<marc:subfield code="d">XTA</marc:subfield>
			<marc:subfield code="d">DZM</marc:subfield>
			<marc:subfield code="d">OCL</marc:subfield>
			<marc:subfield code="d">OCLCG</marc:subfield>
			<marc:subfield code="d">DRB</marc:subfield>
			<marc:subfield code="d">NOC</marc:subfield>
			<marc:subfield code="d">RES</marc:subfield>
			<marc:subfield code="d">OCLCQ</marc:subfield>
			<marc:subfield code="d">WAU</marc:subfield>
			<marc:subfield code="d">OCLCF</marc:subfield>
			<marc:subfield code="d">FUG</marc:subfield>
			<marc:subfield code="d">OCLCQ</marc:subfield>
			<marc:subfield code="d">OCLCO</marc:subfield>
			<marc:subfield code="d">CPL</marc:subfield>
			<marc:subfield code="d">OCLCA</marc:subfield>
			<marc:subfield code="d">WID</marc:subfield>
			<marc:subfield code="d">OCLCO</marc:subfield>
			<marc:subfield code="d">OCL</marc:subfield>
			<marc:subfield code="d">SNN</marc:subfield>
			<marc:subfield code="d">CDS</marc:subfield>
			<marc:subfield code="d">CPO</marc:subfield>
			<marc:subfield code="d">OCLCO</marc:subfield>
			<marc:subfield code="d">OCLCQ</marc:subfield>
			<marc:subfield code="d">OCLCO</marc:subfield>
			<marc:subfield code="d">OCL</marc:subfield>
		</marc:datafield>
		<marc:datafield tag="019" ind1=" " ind2=" ">
			<marc:subfield code="a">1595174</marc:subfield>
			<marc:subfield code="a">10965414</marc:subfield>
			<marc:subfield code="a">76934645</marc:subfield>
			<marc:subfield code="a">1098687733</marc:subfield>
		</marc:datafield>
		<marc:datafield tag="041" ind1="0" ind2=" ">
			<marc:subfield code="d">eng</marc:subfield>
		</marc:datafield>
		<marc:datafield tag="048" ind1=" " ind2=" ">
			<marc:subfield code="a">vi01</marc:subfield>
			<marc:subfield code="a">ka01</marc:subfield>
		</marc:datafield>
		<marc:datafield tag="050" ind1=" " ind2="4">
			<marc:subfield code="a">M1997.C89</marc:subfield>
			<marc:subfield code="b">B3</marc:subfield>
		</marc:datafield>
		<marc:datafield tag="082" ind1="0" ind2="4">
			<marc:subfield code="a">J 784.8</marc:subfield>
			<marc:subfield code="b">C891bo</marc:subfield>
		</marc:datafield>
		<marc:datafield tag="100" ind1="1" ind2=" ">
			<marc:subfield code="a">Crane, Walter,</marc:subfield>
			<marc:subfield code="d">1845-1915,</marc:subfield>
			<marc:subfield code="e">illustrator.</marc:subfield>
		</marc:datafield>
		<marc:datafield tag="245" ind1="1" ind2="4">
			<marc:subfield code="a">The baby's opera :</marc:subfield>
			<marc:subfield code="b">a book of old rhymes, with new dresses /</marc:subfield>
			<marc:subfield code="c">by Walter Crane ; engraved &amp; printed in colours by Edmund Evans ; the music by the earliest masters.</marc:subfield>
		</marc:datafield>
		<marc:datafield tag="264" ind1=" " ind2="1">
			<marc:subfield code="a">London ;</marc:subfield>
			<marc:subfield code="a">New York :</marc:subfield>
			<marc:subfield code="b">Frederick Warne and Co.,</marc:subfield>
			<marc:subfield code="c">[between 1900 and 1909?]</marc:subfield>
		</marc:datafield>
		<marc:datafield tag="300" ind1=" " ind2=" ">
			<marc:subfield code="a">56 pages :</marc:subfield>
			<marc:subfield code="b">illustrations (some color) ;</marc:subfield>
			<marc:subfield code="c">19 cm</marc:subfield>
		</marc:datafield>
		<marc:datafield tag="336" ind1=" " ind2=" ">
			<marc:subfield code="a">notated music</marc:subfield>
			<marc:subfield code="b">ntm</marc:subfield>
			<marc:subfield code="2">rdacontent</marc:subfield>
		</marc:datafield>
		<marc:datafield tag="337" ind1=" " ind2=" ">
			<marc:subfield code="a">unmediated</marc:subfield>
			<marc:subfield code="b">n</marc:subfield>
			<marc:subfield code="2">rdamedia</marc:subfield>
		</marc:datafield>
		<marc:datafield tag="338" ind1=" " ind2=" ">
			<marc:subfield code="a">volume</marc:subfield>
			<marc:subfield code="b">nc</marc:subfield>
			<marc:subfield code="2">rdacarrier</marc:subfield>
		</marc:datafield>
		<marc:datafield tag="348" ind1=" " ind2=" ">
			<marc:subfield code="a">score</marc:subfield>
			<marc:subfield code="2">rdafnm</marc:subfield>
		</marc:datafield>
		<marc:datafield tag="382" ind1="0" ind2="1">
			<marc:subfield code="a">child's voice</marc:subfield>
			<marc:subfield code="n">01</marc:subfield>
			<marc:subfield code="a">piano</marc:subfield>
			<marc:subfield code="n">1</marc:subfield>
			<marc:subfield code="s">2</marc:subfield>
			<marc:subfield code="2">lcmpt</marc:subfield>
		</marc:datafield>
		<marc:datafield tag="500" ind1=" " ind2=" ">
			<marc:subfield code="a">Children's songs for voice and piano.</marc:subfield>
		</marc:datafield>
		<marc:datafield tag="546" ind1=" " ind2=" ">
			<marc:subfield code="a">Lyrics in English.</marc:subfield>
		</marc:datafield>
		<marc:datafield tag="546" ind1=" " ind2=" ">
			<marc:subfield code="b">Staff notation.</marc:subfield>
		</marc:datafield>
		<marc:datafield tag="500" ind1=" " ind2=" ">
			<marc:subfield code="a">Publisher name precedes second place of publication on title page.</marc:subfield>
		</marc:datafield>
		<marc:datafield tag="505" ind1="0" ind2="0">
			<marc:subfield code="t">Girls and boys --</marc:subfield>
			<marc:subfield code="t">The mulberry bush --</marc:subfield>
			<marc:subfield code="t">Oranges and lemons --</marc:subfield>
			<marc:subfield code="t">St. Paul's steeple --</marc:subfield>
			<marc:subfield code="t">My lady's garden --</marc:subfield>
			<marc:subfield code="t">Natural history --</marc:subfield>
			<marc:subfield code="t">Lavender's blue --</marc:subfield>
			<marc:subfield code="t">I saw three ships --</marc:subfield>
			<marc:subfield code="t">Ding dong bell --</marc:subfield>
			<marc:subfield code="t">Puss at court --</marc:subfield>
			<marc:subfield code="t">Three blind mice --</marc:subfield>
			<marc:subfield code="t">Dickory dock --</marc:subfield>
			<marc:subfield code="t">Ye frog's wooing --</marc:subfield>
			<marc:subfield code="t">Ye frog and ye crow --</marc:subfield>
			<marc:subfield code="t">Mrs Bond --</marc:subfield>
			<marc:subfield code="t">Xmas day in ye morning --</marc:subfield>
			<marc:subfield code="t">Little Jack Horner --</marc:subfield>
			<marc:subfield code="t">King Arthur --</marc:subfield>
			<marc:subfield code="t">Ye jolly miller --</marc:subfield>
			<marc:subfield code="t">Ye song of sixpence --</marc:subfield>
			<marc:subfield code="t">Bo-Peep --</marc:subfield>
			<marc:subfield code="t">Baa! baa! black sheep --</marc:subfield>
			<marc:subfield code="t">Tom, the piper's son --</marc:subfield>
			<marc:subfield code="t">There was a lady loved a swine --</marc:subfield>
			<marc:subfield code="t">Over the hills &amp; far away --</marc:subfield>
			<marc:subfield code="t">Cock Robin &amp; Jenny Wren --</marc:subfield>
			<marc:subfield code="t">I had a little nut tree --</marc:subfield>
			<marc:subfield code="t">Dr Faustus --</marc:subfield>
			<marc:subfield code="t">Three children --</marc:subfield>
			<marc:subfield code="t">My pretty maid --</marc:subfield>
			<marc:subfield code="t">The ploughboy in luck --</marc:subfield>
			<marc:subfield code="t">Warm hands --</marc:subfield>
			<marc:subfield code="t">Jack &amp; Jill --</marc:subfield>
			<marc:subfield code="t">Dance a baby --</marc:subfield>
			<marc:subfield code="t">Hush-a-by baby --</marc:subfield>
			<marc:subfield code="t">King Cole.</marc:subfield>
		</marc:datafield>
		<marc:datafield tag="530" ind1=" " ind2=" ">
			<marc:subfield code="a">Digitized versions available online via the Sibley Music Library, Eastman School of Music, and via the Internet Archive, contributed by the University of North Caroline, Chapel Hill, and via the HathiTrust, contributed by the University of Minnesota and the University of North Caroline, Chapel Hill.</marc:subfield>
		</marc:datafield>
		<marc:datafield tag="630" ind1="0" ind2="0">
			<marc:subfield code="a">Mother Goose</marc:subfield>
			<marc:subfield code="x">Songs and music</marc:subfield>
			<marc:subfield code="v">Scores.</marc:subfield>
		</marc:datafield>
		<marc:datafield tag="650" ind1=" " ind2="0">
			<marc:subfield code="a">Children's songs</marc:subfield>
			<marc:subfield code="v">Scores.</marc:subfield>
		</marc:datafield>
		<marc:datafield tag="650" ind1=" " ind2="0">
			<marc:subfield code="a">Nursery rhymes</marc:subfield>
			<marc:subfield code="v">Musical settings</marc:subfield>
			<marc:subfield code="v">Scores.</marc:subfield>
		</marc:datafield>
		<marc:datafield tag="650" ind1=" " ind2="0">
			<marc:subfield code="a">Songs with piano</marc:subfield>
			<marc:subfield code="v">Scores.</marc:subfield>
		</marc:datafield>
		<marc:datafield tag="650" ind1=" " ind2="1">
			<marc:subfield code="a">Songs.</marc:subfield>
		</marc:datafield>
		<marc:datafield tag="650" ind1=" " ind2="6">
			<marc:subfield code="a">Chansons enfantines</marc:subfield>
			<marc:subfield code="0">(CaQQLa)201-0029353</marc:subfield>
			<marc:subfield code="v">Partitions.</marc:subfield>
			<marc:subfield code="0">(CaQQLa)201-0378141</marc:subfield>
		</marc:datafield>
		<marc:datafield tag="650" ind1=" " ind2="6">
			<marc:subfield code="a">Comptines</marc:subfield>
			<marc:subfield code="0">(CaQQLa)201-0037918</marc:subfield>
			<marc:subfield code="v">Mises en musique</marc:subfield>
			<marc:subfield code="0">(CaQQLa)201-0378527</marc:subfield>
			<marc:subfield code="v">Partitions.</marc:subfield>
			<marc:subfield code="0">(CaQQLa)201-0378141</marc:subfield>
		</marc:datafield>
		<marc:datafield tag="650" ind1=" " ind2="6">
			<marc:subfield code="a">Chansons acc. de piano</marc:subfield>
			<marc:subfield code="0">(CaQQLa)201-0030516</marc:subfield>
			<marc:subfield code="v">Partitions.</marc:subfield>
			<marc:subfield code="0">(CaQQLa)201-0378141</marc:subfield>
		</marc:datafield>
		<marc:datafield tag="630" ind1="0" ind2="7">
			<marc:subfield code="a">Mother Goose.</marc:subfield>
			<marc:subfield code="2">fast</marc:subfield>
			<marc:subfield code="0">(OCoLC)fst01356341</marc:subfield>
		</marc:datafield>
		<marc:datafield tag="650" ind1=" " ind2="7">
			<marc:subfield code="a">Nursery rhymes.</marc:subfield>
			<marc:subfield code="2">fast</marc:subfield>
			<marc:subfield code="0">(OCoLC)fst01041532</marc:subfield>
		</marc:datafield>
		<marc:datafield tag="655" ind1=" " ind2="7">
			<marc:subfield code="a">Counting-out rhymes.</marc:subfield>
			<marc:subfield code="2">fast</marc:subfield>
			<marc:subfield code="0">(OCoLC)fst01921619</marc:subfield>
		</marc:datafield>
		<marc:datafield tag="655" ind1=" " ind2="7">
			<marc:subfield code="a">children's literature.</marc:subfield>
			<marc:subfield code="2">aat</marc:subfield>
			<marc:subfield code="0">(CStmoGRI)aatgf300263209</marc:subfield>
		</marc:datafield>
		<marc:datafield tag="655" ind1=" " ind2="7">
			<marc:subfield code="a">nursery rhymes.</marc:subfield>
			<marc:subfield code="2">aat</marc:subfield>
			<marc:subfield code="0">(CStmoGRI)aatgf300202593</marc:subfield>
		</marc:datafield>
		<marc:datafield tag="655" ind1=" " ind2="7">
			<marc:subfield code="a">Nursery rhymes.</marc:subfield>
			<marc:subfield code="2">fast</marc:subfield>
			<marc:subfield code="0">(OCoLC)fst01921725</marc:subfield>
		</marc:datafield>
		<marc:datafield tag="655" ind1=" " ind2="7">
			<marc:subfield code="a">Scores.</marc:subfield>
			<marc:subfield code="2">fast</marc:subfield>
			<marc:subfield code="0">(OCoLC)fst01692898</marc:subfield>
		</marc:datafield>
		<marc:datafield tag="655" ind1=" " ind2="7">
			<marc:subfield code="a">Songs.</marc:subfield>
			<marc:subfield code="2">fast</marc:subfield>
			<marc:subfield code="0">(OCoLC)fst01726744</marc:subfield>
		</marc:datafield>
		<marc:datafield tag="655" ind1=" " ind2="7">
			<marc:subfield code="a">Nursery rhymes.</marc:subfield>
			<marc:subfield code="2">lcgft</marc:subfield>
		</marc:datafield>
		<marc:datafield tag="655" ind1=" " ind2="7">
			<marc:subfield code="a">Songs.</marc:subfield>
			<marc:subfield code="2">lcgft</marc:subfield>
		</marc:datafield>
		<marc:datafield tag="655" ind1=" " ind2="7">
			<marc:subfield code="a">Scores.</marc:subfield>
			<marc:subfield code="2">lcgft</marc:subfield>
		</marc:datafield>
		<marc:datafield tag="655" ind1=" " ind2="7">
			<marc:subfield code="a">Counting-out rhymes.</marc:subfield>
			<marc:subfield code="2">lcgft</marc:subfield>
		</marc:datafield>
		<marc:datafield tag="655" ind1=" " ind2="7">
			<marc:subfield code="a">Nursery rhymes</marc:subfield>
			<marc:subfield code="y">1900.</marc:subfield>
			<marc:subfield code="2">rbgenr</marc:subfield>
		</marc:datafield>
		<marc:datafield tag="655" ind1=" " ind2="7">
			<marc:subfield code="a">Documents pour la jeunesse.</marc:subfield>
			<marc:subfield code="2">rvmgf</marc:subfield>
			<marc:subfield code="0">(CaQQLa)RVMGF-000001914</marc:subfield>
		</marc:datafield>
		<marc:datafield tag="655" ind1=" " ind2="7">
			<marc:subfield code="a">Comptines.</marc:subfield>
			<marc:subfield code="2">rvmgf</marc:subfield>
			<marc:subfield code="0">(CaQQLa)RVMGF-000000486</marc:subfield>
		</marc:datafield>
		<marc:datafield tag="655" ind1=" " ind2="7">
			<marc:subfield code="a">Partitions (Musique)</marc:subfield>
			<marc:subfield code="2">rvmgf</marc:subfield>
			<marc:subfield code="0">(CaQQLa)RVMGF-000000816</marc:subfield>
		</marc:datafield>
		<marc:datafield tag="700" ind1="1" ind2=" ">
			<marc:subfield code="a">Evans, Edmund,</marc:subfield>
			<marc:subfield code="d">1826-1905,</marc:subfield>
			<marc:subfield code="e">engraver,</marc:subfield>
			<marc:subfield code="e">lithographer.</marc:subfield>
		</marc:datafield>
		<marc:datafield tag="710" ind1="2" ind2=" ">
			<marc:subfield code="a">Frederick Warne and Co.,</marc:subfield>
			<marc:subfield code="e">publisher.</marc:subfield>
		</marc:datafield>
		<marc:datafield tag="776" ind1="0" ind2="8">
			<marc:subfield code="i">Online version:</marc:subfield>
			<marc:subfield code="a">Crane, Walter, 1845-1915.</marc:subfield>
			<marc:subfield code="t">Baby's opera.</marc:subfield>
			<marc:subfield code="d">London ; New York : F. Warne and Co., [190-?]</marc:subfield>
			<marc:subfield code="w">(OCoLC)826439119</marc:subfield>
		</marc:datafield>
		<marc:datafield tag="856" ind1="4" ind2="1">
			<marc:subfield code="3">HathiTrust Digital Library, Full view</marc:subfield>
			<marc:subfield code="u">http://catalog.hathitrust.org/api/volumes/oclc/7222513.html</marc:subfield>
		</marc:datafield>
		<marc:datafield tag="856" ind1="4" ind2="1">
			<marc:subfield code="3">Internet Archive, UNC Chapel Hill copy</marc:subfield>
			<marc:subfield code="u">https://archive.org/details/babysoperabookof00cran</marc:subfield>
		</marc:datafield>
		<marc:datafield tag="856" ind1="4" ind2="1">
			<marc:subfield code="3">Sibley Music Library, Eastman School of Music</marc:subfield>
			<marc:subfield code="u">http://hdl.handle.net/1802/24755</marc:subfield>
		</marc:datafield>
		<marc:datafield tag="029" ind1="1" ind2=" ">
			<marc:subfield code="a">NZ1</marc:subfield>
			<marc:subfield code="b">3289793</marc:subfield>
		</marc:datafield>
		<marc:datafield tag="029" ind1="1" ind2=" ">
			<marc:subfield code="a">NZ1</marc:subfield>
			<marc:subfield code="b">398281</marc:subfield>
		</marc:datafield>
	</marc:record>