
	<marc:record>
		<marc:leader>03283ccm a2200661Ii 4500</marc:leader>
		<marc:controlfield tag="001">784920</marc:controlfield>
		<marc:controlfield tag="005">20220428171201.9</marc:controlfield>
		<marc:controlfield tag="008">740129t19271927nyumuk         n  b eng d</marc:controlfield>
		<marc:datafield tag="040" ind1=" " ind2=" ">
			<marc:subfield code="a">MIA</marc:subfield>
			<marc:subfield code="b">eng</marc:subfield>
			<marc:subfield code="e">rda</marc:subfield>
			<marc:subfield code="c">MIA</marc:subfield>
			<marc:subfield code="d">OCL</marc:subfield>
			<marc:subfield code="d">OBE</marc:subfield>
			<marc:subfield code="d">GZM</marc:subfield>
			<marc:subfield code="d">OCL</marc:subfield>
			<marc:subfield code="d">OCLCG</marc:subfield>
			<marc:subfield code="d">NJR</marc:subfield>
			<marc:subfield code="d">CNCGM</marc:subfield>
			<marc:subfield code="d">SGB</marc:subfield>
			<marc:subfield code="d">OCLCQ</marc:subfield>
			<marc:subfield code="d">OCLCA</marc:subfield>
			<marc:subfield code="d">OCLCF</marc:subfield>
			<marc:subfield code="d">OCLCO</marc:subfield>
			<marc:subfield code="d">OCLCQ</marc:subfield>
			<marc:subfield code="d">OCLCA</marc:subfield>
			<marc:subfield code="d">IYU</marc:subfield>
			<marc:subfield code="d">HSA</marc:subfield>
			<marc:subfield code="d">W7L</marc:subfield>
			<marc:subfield code="d">HHG</marc:subfield>
			<marc:subfield code="d">CNUTO</marc:subfield>
			<marc:subfield code="d">OCLCA</marc:subfield>
			<marc:subfield code="d">OCL</marc:subfield>
			<marc:subfield code="d">OCLCO</marc:subfield>
		</marc:datafield>
		<marc:datafield tag="019" ind1=" " ind2=" ">
			<marc:subfield code="a">29161296</marc:subfield>
			<marc:subfield code="a">42228235</marc:subfield>
			<marc:subfield code="a">79029090</marc:subfield>
			<marc:subfield code="a">151335881</marc:subfield>
			<marc:subfield code="a">678755658</marc:subfield>
			<marc:subfield code="a">976990888</marc:subfield>
			<marc:subfield code="a">1048034312</marc:subfield>
			<marc:subfield code="a">1126045265</marc:subfield>
			<marc:subfield code="a">1127482990</marc:subfield>
			<marc:subfield code="a">1141222167</marc:subfield>
			<marc:subfield code="a">1264949901</marc:subfield>
			<marc:subfield code="a">1275037287</marc:subfield>
			<marc:subfield code="a">1295740006</marc:subfield>
		</marc:datafield>
		<marc:datafield tag="028" ind1="2" ind2="2">
			<marc:subfield code="a">29276</marc:subfield>
			<marc:subfield code="b">Harms Incorporated</marc:subfield>
		</marc:datafield>
		<marc:datafield tag="043" ind1=" " ind2=" ">
			<marc:subfield code="a">n-us---</marc:subfield>
		</marc:datafield>
		<marc:datafield tag="045" ind1=" " ind2=" ">
			<marc:subfield code="a">x2x2</marc:subfield>
		</marc:datafield>
		<marc:datafield tag="046" ind1=" " ind2=" ">
			<marc:subfield code="k">1926</marc:subfield>
			<marc:subfield code="2">edtf</marc:subfield>
		</marc:datafield>
		<marc:datafield tag="047" ind1=" " ind2=" ">
			<marc:subfield code="a">pp</marc:subfield>
			<marc:subfield code="a">mc</marc:subfield>
		</marc:datafield>
		<marc:datafield tag="048" ind1=" " ind2=" ">
			<marc:subfield code="b">vn</marc:subfield>
			<marc:subfield code="a">ka01</marc:subfield>
		</marc:datafield>
		<marc:datafield tag="050" ind1=" " ind2="4">
			<marc:subfield code="a">M1503.R751</marc:subfield>
			<marc:subfield code="b">D5x</marc:subfield>
		</marc:datafield>
		<marc:datafield tag="082" ind1="0" ind2="4">
			<marc:subfield code="a">782.14</marc:subfield>
			<marc:subfield code="b">R663</marc:subfield>
		</marc:datafield>
		<marc:datafield tag="100" ind1="1" ind2=" ">
			<marc:subfield code="a">Romberg, Sigmund,</marc:subfield>
			<marc:subfield code="d">1887-1951,</marc:subfield>
			<marc:subfield code="e">composer.</marc:subfield>
		</marc:datafield>
		<marc:datafield tag="240" ind1="1" ind2="0">
			<marc:subfield code="a">Desert song.</marc:subfield>
			<marc:subfield code="s">Vocal score</marc:subfield>
		</marc:datafield>
		<marc:datafield tag="245" ind1="1" ind2="4">
			<marc:subfield code="a">The desert song :</marc:subfield>
			<marc:subfield code="b">a musical play /</marc:subfield>
			<marc:subfield code="c">book and lyrics by Otto Harbach, Oscar Hammerstein 2nd, and Frank Mandel ; music by Sigmund Romberg.</marc:subfield>
		</marc:datafield>
		<marc:datafield tag="246" ind1="3" ind2=" ">
			<marc:subfield code="a">Alfred Butt in conjunction with Lee Ephraim presents The desert song :</marc:subfield>
			<marc:subfield code="b">a musical play</marc:subfield>
		</marc:datafield>
		<marc:datafield tag="250" ind1=" " ind2=" ">
			<marc:subfield code="a">Vocal score.</marc:subfield>
		</marc:datafield>
		<marc:datafield tag="264" ind1=" " ind2="1">
			<marc:subfield code="a">[New York, New York] :</marc:subfield>
			<marc:subfield code="b">Harms Incorporated,</marc:subfield>
			<marc:subfield code="c">[1927]</marc:subfield>
		</marc:datafield>
		<marc:datafield tag="264" ind1=" " ind2="4">
			<marc:subfield code="c">©1927</marc:subfield>
		</marc:datafield>
		<marc:datafield tag="300" ind1=" " ind2=" ">
			<marc:subfield code="a">1 vocal score (208 pages) ;</marc:subfield>
			<marc:subfield code="c">31 cm</marc:subfield>
		</marc:datafield>
		<marc:datafield tag="336" ind1=" " ind2=" ">
			<marc:subfield code="a">notated music</marc:subfield>
			<marc:subfield code="b">ntm</marc:subfield>
			<marc:subfield code="2">rdacontent</marc:subfield>
		</marc:datafield>
		<marc:datafield tag="337" ind1=" " ind2=" ">
			<marc:subfield code="a">unmediated</marc:subfield>
			<marc:subfield code="b">n</marc:subfield>
			<marc:subfield code="2">rdamedia</marc:subfield>
		</marc:datafield>
		<marc:datafield tag="338" ind1=" " ind2=" ">
			<marc:subfield code="a">volume</marc:subfield>
			<marc:subfield code="b">nc</marc:subfield>
			<marc:subfield code="2">rdacarrier</marc:subfield>
		</marc:datafield>
		<marc:datafield tag="348" ind1=" " ind2=" ">
			<marc:subfield code="a">vocal score</marc:subfield>
			<marc:subfield code="2">rdafnm</marc:subfield>
		</marc:datafield>
		<marc:datafield tag="370" ind1=" " ind2=" ">
			<marc:subfield code="g">United States</marc:subfield>
			<marc:subfield code="2">naf</marc:subfield>
		</marc:datafield>
		<marc:datafield tag="382" ind1="0" ind2="1">
			<marc:subfield code="a">singer</marc:subfield>
			<marc:subfield code="n">17</marc:subfield>
			<marc:subfield code="a">mixed chorus</marc:subfield>
			<marc:subfield code="e">1</marc:subfield>
			<marc:subfield code="a">piano</marc:subfield>
			<marc:subfield code="n">1</marc:subfield>
			<marc:subfield code="r">18</marc:subfield>
			<marc:subfield code="t">1</marc:subfield>
			<marc:subfield code="2">lcmpt</marc:subfield>
		</marc:datafield>
		<marc:datafield tag="500" ind1=" " ind2=" ">
			<marc:subfield code="a">Originally for voices, mixed chorus, and orchestra, accompaniment arranged for piano.</marc:subfield>
		</marc:datafield>
		<marc:datafield tag="500" ind1=" " ind2=" ">
			<marc:subfield code="a">At head of title: Alfred Butt in conjunction with Lee Ephraim presents.</marc:subfield>
		</marc:datafield>
		<marc:datafield tag="546" ind1=" " ind2=" ">
			<marc:subfield code="b">Staff notation.</marc:subfield>
		</marc:datafield>
		<marc:datafield tag="500" ind1=" " ind2=" ">
			<marc:subfield code="a">Advertisement for various selections from the Famous artistic series on page 2 of cover; for various selections from musicals on page 3 of cover; for vocal scores of various musicals on page 4 of cover.</marc:subfield>
		</marc:datafield>
		<marc:datafield tag="650" ind1=" " ind2="0">
			<marc:subfield code="a">Musicals</marc:subfield>
			<marc:subfield code="v">Vocal scores with piano.</marc:subfield>
		</marc:datafield>
		<marc:datafield tag="650" ind1=" " ind2="0">
			<marc:subfield code="a">Popular music</marc:subfield>
			<marc:subfield code="z">United States</marc:subfield>
			<marc:subfield code="y">1921-1930.</marc:subfield>
		</marc:datafield>
		<marc:datafield tag="650" ind1=" " ind2="6">
			<marc:subfield code="a">Musique populaire</marc:subfield>
			<marc:subfield code="0">(CaQQLa)201-0164292</marc:subfield>
			<marc:subfield code="z">États-Unis</marc:subfield>
			<marc:subfield code="0">(CaQQLa)201-0407727</marc:subfield>
			<marc:subfield code="y">1921-1930.</marc:subfield>
			<marc:subfield code="0">(CaQQLa)201-0164292</marc:subfield>
		</marc:datafield>
		<marc:datafield tag="650" ind1=" " ind2="7">
			<marc:subfield code="a">Popular music.</marc:subfield>
			<marc:subfield code="2">fast</marc:subfield>
			<marc:subfield code="0">(OCoLC)fst01071422</marc:subfield>
		</marc:datafield>
		<marc:datafield tag="650" ind1=" " ind2="7">
			<marc:subfield code="a">Musicals</marc:subfield>
			<marc:subfield code="x">Vocal scores with piano.</marc:subfield>
			<marc:subfield code="2">fast</marc:subfield>
			<marc:subfield code="0">(OCoLC)fst01905987</marc:subfield>
		</marc:datafield>
		<marc:datafield tag="651" ind1=" " ind2="7">
			<marc:subfield code="a">United States.</marc:subfield>
			<marc:subfield code="2">fast</marc:subfield>
			<marc:subfield code="0">(OCoLC)fst01204155</marc:subfield>
		</marc:datafield>
		<marc:datafield tag="648" ind1=" " ind2="7">
			<marc:subfield code="a">1921-1930</marc:subfield>
			<marc:subfield code="2">fast</marc:subfield>
		</marc:datafield>
		<marc:datafield tag="655" ind1=" " ind2="7">
			<marc:subfield code="a">Vocal scores.</marc:subfield>
			<marc:subfield code="2">fast</marc:subfield>
			<marc:subfield code="0">(OCoLC)fst01692914</marc:subfield>
		</marc:datafield>
		<marc:datafield tag="655" ind1=" " ind2="7">
			<marc:subfield code="a">Popular music.</marc:subfield>
			<marc:subfield code="2">fast</marc:subfield>
			<marc:subfield code="0">(OCoLC)fst01726706</marc:subfield>
		</marc:datafield>
		<marc:datafield tag="655" ind1=" " ind2="7">
			<marc:subfield code="a">Musicals.</marc:subfield>
			<marc:subfield code="2">fast</marc:subfield>
			<marc:subfield code="0">(OCoLC)fst01726680</marc:subfield>
		</marc:datafield>
		<marc:datafield tag="655" ind1=" " ind2="7">
			<marc:subfield code="a">Vocal scores.</marc:subfield>
			<marc:subfield code="2">lcgft</marc:subfield>
		</marc:datafield>
		<marc:datafield tag="655" ind1=" " ind2="7">
			<marc:subfield code="a">Popular music.</marc:subfield>
			<marc:subfield code="2">lcgft</marc:subfield>
		</marc:datafield>
		<marc:datafield tag="655" ind1=" " ind2="7">
			<marc:subfield code="a">Musicals.</marc:subfield>
			<marc:subfield code="2">lcgft</marc:subfield>
		</marc:datafield>
		<marc:datafield tag="655" ind1=" " ind2="7">
			<marc:subfield code="a">Partitions de chant.</marc:subfield>
			<marc:subfield code="2">rvmgf</marc:subfield>
			<marc:subfield code="0">(CaQQLa)RVMGF-000000710</marc:subfield>
		</marc:datafield>
		<marc:datafield tag="655" ind1=" " ind2="7">
			<marc:subfield code="a">Musique populaire.</marc:subfield>
			<marc:subfield code="2">rvmgf</marc:subfield>
			<marc:subfield code="0">(CaQQLa)RVMGF-000000700</marc:subfield>
		</marc:datafield>
		<marc:datafield tag="655" ind1=" " ind2="7">
			<marc:subfield code="a">Comédies musicales.</marc:subfield>
			<marc:subfield code="2">rvmgf</marc:subfield>
			<marc:subfield code="0">(CaQQLa)RVMGF-000000767</marc:subfield>
		</marc:datafield>
		<marc:datafield tag="700" ind1="1" ind2=" ">
			<marc:subfield code="a">Harbach, Otto,</marc:subfield>
			<marc:subfield code="d">1873-1963,</marc:subfield>
			<marc:subfield code="e">librettist,</marc:subfield>
			<marc:subfield code="e">lyricist.</marc:subfield>
		</marc:datafield>
		<marc:datafield tag="700" ind1="1" ind2=" ">
			<marc:subfield code="a">Hammerstein, Oscar,</marc:subfield>
			<marc:subfield code="c">II,</marc:subfield>
			<marc:subfield code="d">1895-1960,</marc:subfield>
			<marc:subfield code="e">librettist,</marc:subfield>
			<marc:subfield code="e">lyricist.</marc:subfield>
		</marc:datafield>
		<marc:datafield tag="700" ind1="1" ind2=" ">
			<marc:subfield code="a">Mandel, Frank,</marc:subfield>
			<marc:subfield code="d">1884-1958,</marc:subfield>
			<marc:subfield code="e">librettist,</marc:subfield>
			<marc:subfield code="e">lyricist.</marc:subfield>
		</marc:datafield>
		<marc:datafield tag="752" ind1=" " ind2=" ">
			<marc:subfield code="a">United States</marc:subfield>
			<marc:subfield code="b">New York</marc:subfield>
			<marc:subfield code="d">New York.</marc:subfield>
		</marc:datafield>
		<marc:datafield tag="776" ind1="0" ind2="8">
			<marc:subfield code="i">Online version:</marc:subfield>
			<marc:subfield code="a">Romberg, Sigmund, 1887-1951.</marc:subfield>
			<marc:subfield code="s">Desert song. Vocal score.</marc:subfield>
			<marc:subfield code="t">Desert song.</marc:subfield>
			<marc:subfield code="d">New York : Harms, ©1927</marc:subfield>
			<marc:subfield code="w">(OCoLC)870808357</marc:subfield>
		</marc:datafield>
		<marc:datafield tag="029" ind1="1" ind2=" ">
			<marc:subfield code="a">NZ1</marc:subfield>
			<marc:subfield code="b">3904708</marc:subfield>
		</marc:datafield>
	</marc:record>