
	<marc:record>
		<marc:leader>01694ccm a2200421Ia 4500</marc:leader>
		<marc:controlfield tag="001">6809612</marc:controlfield>
		<marc:controlfield tag="005">20220616100647.1</marc:controlfield>
		<marc:controlfield tag="008">801010s1979    nyucoa         n    zxx d</marc:controlfield>
		<marc:controlfield tag="007">tz</marc:controlfield>
		<marc:datafield tag="040" ind1=" " ind2=" ">
			<marc:subfield code="a">UMC</marc:subfield>
			<marc:subfield code="b">eng</marc:subfield>
			<marc:subfield code="c">UMC</marc:subfield>
			<marc:subfield code="d">SER</marc:subfield>
			<marc:subfield code="d">OCL</marc:subfield>
			<marc:subfield code="d">OCLCQ</marc:subfield>
			<marc:subfield code="d">CPL</marc:subfield>
			<marc:subfield code="d">OCLCG</marc:subfield>
			<marc:subfield code="d">OCLCA</marc:subfield>
			<marc:subfield code="d">OCLCF</marc:subfield>
			<marc:subfield code="d">OCLCO</marc:subfield>
			<marc:subfield code="d">OCLCQ</marc:subfield>
			<marc:subfield code="d">OKS</marc:subfield>
			<marc:subfield code="d">SNN</marc:subfield>
			<marc:subfield code="d">W2U</marc:subfield>
			<marc:subfield code="d">XFF</marc:subfield>
			<marc:subfield code="d">OCL</marc:subfield>
			<marc:subfield code="d">OCLCO</marc:subfield>
		</marc:datafield>
		<marc:datafield tag="019" ind1=" " ind2=" ">
			<marc:subfield code="a">5813704</marc:subfield>
			<marc:subfield code="a">26189267</marc:subfield>
			<marc:subfield code="a">53200125</marc:subfield>
			<marc:subfield code="a">64046298</marc:subfield>
			<marc:subfield code="a">1087195734</marc:subfield>
			<marc:subfield code="a">1196362046</marc:subfield>
			<marc:subfield code="a">1262375661</marc:subfield>
		</marc:datafield>
		<marc:datafield tag="028" ind1="3" ind2="0">
			<marc:subfield code="a">5036</marc:subfield>
			<marc:subfield code="b">Belwin Mills</marc:subfield>
		</marc:datafield>
		<marc:datafield tag="045" ind1="0" ind2=" ">
			<marc:subfield code="b">d1914</marc:subfield>
		</marc:datafield>
		<marc:datafield tag="048" ind1=" " ind2=" ">
			<marc:subfield code="b">ka01</marc:subfield>
			<marc:subfield code="a">oa</marc:subfield>
		</marc:datafield>
		<marc:datafield tag="050" ind1=" " ind2="4">
			<marc:subfield code="a">M1010</marc:subfield>
			<marc:subfield code="b">.P76 op.16, 1970z</marc:subfield>
		</marc:datafield>
		<marc:datafield tag="082" ind1="1" ind2="4">
			<marc:subfield code="a">780.81</marc:subfield>
			<marc:subfield code="b">P964, 1979, no.5036</marc:subfield>
		</marc:datafield>
		<marc:datafield tag="100" ind1="1" ind2=" ">
			<marc:subfield code="a">Prokofiev, Sergey,</marc:subfield>
			<marc:subfield code="d">1891-1953.</marc:subfield>
		</marc:datafield>
		<marc:datafield tag="240" ind1="1" ind2="0">
			<marc:subfield code="a">Concertos,</marc:subfield>
			<marc:subfield code="m">piano, orchestra,</marc:subfield>
			<marc:subfield code="n">no. 2, op. 16,</marc:subfield>
			<marc:subfield code="r">G minor</marc:subfield>
		</marc:datafield>
		<marc:datafield tag="245" ind1="0" ind2="0">
			<marc:subfield code="a">Concerto no. 2 for piano and orchestra, op. 16 in G minor.</marc:subfield>
		</marc:datafield>
		<marc:datafield tag="254" ind1=" " ind2=" ">
			<marc:subfield code="a">Conductor's score.</marc:subfield>
		</marc:datafield>
		<marc:datafield tag="260" ind1=" " ind2=" ">
			<marc:subfield code="a">Melville, N.Y. :</marc:subfield>
			<marc:subfield code="b">Belwin Mills,</marc:subfield>
			<marc:subfield code="c">[1979?]</marc:subfield>
		</marc:datafield>
		<marc:datafield tag="300" ind1=" " ind2=" ">
			<marc:subfield code="a">1 score (pages 99-266) ;</marc:subfield>
			<marc:subfield code="c">31 cm.</marc:subfield>
		</marc:datafield>
		<marc:datafield tag="336" ind1=" " ind2=" ">
			<marc:subfield code="a">notated music</marc:subfield>
			<marc:subfield code="b">ntm</marc:subfield>
			<marc:subfield code="2">rdacontent</marc:subfield>
		</marc:datafield>
		<marc:datafield tag="337" ind1=" " ind2=" ">
			<marc:subfield code="a">unmediated</marc:subfield>
			<marc:subfield code="b">n</marc:subfield>
			<marc:subfield code="2">rdamedia</marc:subfield>
		</marc:datafield>
		<marc:datafield tag="338" ind1=" " ind2=" ">
			<marc:subfield code="a">volume</marc:subfield>
			<marc:subfield code="b">nc</marc:subfield>
			<marc:subfield code="2">rdacarrier</marc:subfield>
		</marc:datafield>
		<marc:datafield tag="382" ind1="0" ind2="1">
			<marc:subfield code="b">piano</marc:subfield>
			<marc:subfield code="n">1</marc:subfield>
			<marc:subfield code="a">orchestra</marc:subfield>
			<marc:subfield code="e">1</marc:subfield>
			<marc:subfield code="r">1</marc:subfield>
			<marc:subfield code="t">1</marc:subfield>
			<marc:subfield code="2">lcmpt</marc:subfield>
		</marc:datafield>
		<marc:datafield tag="490" ind1="1" ind2=" ">
			<marc:subfield code="a">Collected works of Sergei Prokofiev</marc:subfield>
		</marc:datafield>
		<marc:datafield tag="500" ind1=" " ind2=" ">
			<marc:subfield code="a">Publisher's no.: Pr. lib. no. 5036.</marc:subfield>
		</marc:datafield>
		<marc:datafield tag="650" ind1=" " ind2="0">
			<marc:subfield code="a">Concertos (Piano)</marc:subfield>
			<marc:subfield code="v">Scores.</marc:subfield>
		</marc:datafield>
		<marc:datafield tag="650" ind1=" " ind2="6">
			<marc:subfield code="a">Concertos (Piano)</marc:subfield>
			<marc:subfield code="0">(CaQQLa)201-0037781</marc:subfield>
			<marc:subfield code="v">Partitions.</marc:subfield>
			<marc:subfield code="0">(CaQQLa)201-0378141</marc:subfield>
		</marc:datafield>
		<marc:datafield tag="650" ind1=" " ind2="7">
			<marc:subfield code="a">Concertos (Piano)</marc:subfield>
			<marc:subfield code="x">Scores.</marc:subfield>
			<marc:subfield code="2">fast</marc:subfield>
			<marc:subfield code="0">(OCoLC)fst01905537</marc:subfield>
		</marc:datafield>
		<marc:datafield tag="655" ind1=" " ind2="7">
			<marc:subfield code="a">Scores.</marc:subfield>
			<marc:subfield code="2">fast</marc:subfield>
			<marc:subfield code="0">(OCoLC)fst01692898</marc:subfield>
		</marc:datafield>
		<marc:datafield tag="655" ind1=" " ind2="7">
			<marc:subfield code="a">Concertos.</marc:subfield>
			<marc:subfield code="2">fast</marc:subfield>
			<marc:subfield code="0">(OCoLC)fst01726450</marc:subfield>
		</marc:datafield>
		<marc:datafield tag="655" ind1=" " ind2="7">
			<marc:subfield code="a">Concertos.</marc:subfield>
			<marc:subfield code="2">lcgft</marc:subfield>
		</marc:datafield>
		<marc:datafield tag="655" ind1=" " ind2="7">
			<marc:subfield code="a">Scores.</marc:subfield>
			<marc:subfield code="2">lcgft</marc:subfield>
		</marc:datafield>
		<marc:datafield tag="655" ind1=" " ind2="7">
			<marc:subfield code="a">Concertos.</marc:subfield>
			<marc:subfield code="2">rvmgf</marc:subfield>
			<marc:subfield code="0">(CaQQLa)RVMGF-000000723</marc:subfield>
		</marc:datafield>
		<marc:datafield tag="655" ind1=" " ind2="7">
			<marc:subfield code="a">Partitions (Musique)</marc:subfield>
			<marc:subfield code="2">rvmgf</marc:subfield>
			<marc:subfield code="0">(CaQQLa)RVMGF-000000816</marc:subfield>
		</marc:datafield>
		<marc:datafield tag="800" ind1="1" ind2=" ">
			<marc:subfield code="a">Prokofiev, Sergey,</marc:subfield>
			<marc:subfield code="d">1891-1953.</marc:subfield>
			<marc:subfield code="t">Works.</marc:subfield>
			<marc:subfield code="f">1979.</marc:subfield>
		</marc:datafield>
	</marc:record>