
	<marc:record>
		<marc:leader>04691ccm a2200877 i 4500</marc:leader>
		<marc:controlfield tag="001">1055684538</marc:controlfield>
		<marc:controlfield tag="005">20220317055745.1</marc:controlfield>
		<marc:controlfield tag="008">220203t20182018wiuuul   ehi   n    lat d</marc:controlfield>
		<marc:datafield tag="010" ind1=" " ind2=" ">
			<marc:subfield code="a">  2018562722</marc:subfield>
		</marc:datafield>
		<marc:datafield tag="040" ind1=" " ind2=" ">
			<marc:subfield code="a">YDX</marc:subfield>
			<marc:subfield code="b">eng</marc:subfield>
			<marc:subfield code="e">rda</marc:subfield>
			<marc:subfield code="c">DLC</marc:subfield>
			<marc:subfield code="d">YDX</marc:subfield>
			<marc:subfield code="d">ALM</marc:subfield>
			<marc:subfield code="d">BOS</marc:subfield>
			<marc:subfield code="d">MAC</marc:subfield>
			<marc:subfield code="d">BTS</marc:subfield>
			<marc:subfield code="d">OCLCF</marc:subfield>
			<marc:subfield code="d">TDF</marc:subfield>
			<marc:subfield code="d">CUT</marc:subfield>
			<marc:subfield code="d">NYP</marc:subfield>
			<marc:subfield code="d">QGK</marc:subfield>
			<marc:subfield code="d">YOU</marc:subfield>
			<marc:subfield code="d">FWR</marc:subfield>
			<marc:subfield code="d">OHX</marc:subfield>
			<marc:subfield code="d">YDXIT</marc:subfield>
			<marc:subfield code="d">XFF</marc:subfield>
			<marc:subfield code="d">VT2</marc:subfield>
			<marc:subfield code="d">MUU</marc:subfield>
			<marc:subfield code="d">LML</marc:subfield>
			<marc:subfield code="d">UAB</marc:subfield>
			<marc:subfield code="d">TEU</marc:subfield>
			<marc:subfield code="d">YUS</marc:subfield>
			<marc:subfield code="d">NJT</marc:subfield>
			<marc:subfield code="d">NDD</marc:subfield>
			<marc:subfield code="d">STF</marc:subfield>
			<marc:subfield code="d">UKMGB</marc:subfield>
			<marc:subfield code="d">ZIH</marc:subfield>
			<marc:subfield code="d">OCLCQ</marc:subfield>
			<marc:subfield code="d">OCLCO</marc:subfield>
		</marc:datafield>
		<marc:datafield tag="016" ind1="7" ind2=" ">
			<marc:subfield code="a">019471315</marc:subfield>
			<marc:subfield code="2">Uk</marc:subfield>
		</marc:datafield>
		<marc:datafield tag="020" ind1=" " ind2=" ">
			<marc:subfield code="a">1987200535</marc:subfield>
			<marc:subfield code="q">(paperback)</marc:subfield>
		</marc:datafield>
		<marc:datafield tag="020" ind1=" " ind2=" ">
			<marc:subfield code="a">9781987200539</marc:subfield>
			<marc:subfield code="q">(paperback)</marc:subfield>
		</marc:datafield>
		<marc:datafield tag="020" ind1=" " ind2=" ">
			<marc:subfield code="z">9781987200546</marc:subfield>
			<marc:subfield code="q">(online)</marc:subfield>
		</marc:datafield>
		<marc:datafield tag="041" ind1="0" ind2=" ">
			<marc:subfield code="a">lat</marc:subfield>
			<marc:subfield code="g">eng</marc:subfield>
		</marc:datafield>
		<marc:datafield tag="042" ind1=" " ind2=" ">
			<marc:subfield code="a">lccopycat</marc:subfield>
		</marc:datafield>
		<marc:datafield tag="046" ind1=" " ind2=" ">
			<marc:subfield code="k">1737</marc:subfield>
			<marc:subfield code="2">edtf</marc:subfield>
		</marc:datafield>
		<marc:datafield tag="050" ind1="0" ind2="0">
			<marc:subfield code="a">M2</marc:subfield>
			<marc:subfield code="b">.R238 vol. 204</marc:subfield>
			<marc:subfield code="a">M2021</marc:subfield>
		</marc:datafield>
		<marc:datafield tag="055" ind1=" " ind2="3">
			<marc:subfield code="a">M2022.Z44</marc:subfield>
			<marc:subfield code="b">A94 2018</marc:subfield>
		</marc:datafield>
		<marc:datafield tag="082" ind1="0" ind2="4">
			<marc:subfield code="a">782.2/2</marc:subfield>
			<marc:subfield code="2">23</marc:subfield>
		</marc:datafield>
		<marc:datafield tag="100" ind1="1" ind2=" ">
			<marc:subfield code="a">Zelenka, Johann Dismas,</marc:subfield>
			<marc:subfield code="d">1679-1745,</marc:subfield>
			<marc:subfield code="e">composer.</marc:subfield>
		</marc:datafield>
		<marc:datafield tag="240" ind1="1" ind2="0">
			<marc:subfield code="a">Ave regina coelorum,</marc:subfield>
			<marc:subfield code="n">ZWV 128</marc:subfield>
		</marc:datafield>
		<marc:datafield tag="245" ind1="1" ind2="0">
			<marc:subfield code="a">Six settings of &quot;Ave regina coelorum&quot; (ZWV 128) /</marc:subfield>
			<marc:subfield code="c">Jan Dismas Zelenka ; edited by Frederic Kiernan.</marc:subfield>
		</marc:datafield>
		<marc:datafield tag="246" ind1="3" ind2=" ">
			<marc:subfield code="a">6 settings of &quot;Ave regina coelorum&quot; (ZWV 128)</marc:subfield>
		</marc:datafield>
		<marc:datafield tag="264" ind1=" " ind2="1">
			<marc:subfield code="a">Middleton, Wisconsin :</marc:subfield>
			<marc:subfield code="b">A-R Editions, Inc.,</marc:subfield>
			<marc:subfield code="c">[2018]</marc:subfield>
		</marc:datafield>
		<marc:datafield tag="264" ind1=" " ind2="4">
			<marc:subfield code="c">©2018</marc:subfield>
		</marc:datafield>
		<marc:datafield tag="300" ind1=" " ind2=" ">
			<marc:subfield code="a">1 score (xvii, 64 pages, 2 unnumbered pages of plates) :</marc:subfield>
			<marc:subfield code="b">facsimiles ;</marc:subfield>
			<marc:subfield code="c">31 cm</marc:subfield>
		</marc:datafield>
		<marc:datafield tag="336" ind1=" " ind2=" ">
			<marc:subfield code="a">notated music</marc:subfield>
			<marc:subfield code="b">ntm</marc:subfield>
			<marc:subfield code="2">rdacontent</marc:subfield>
		</marc:datafield>
		<marc:datafield tag="337" ind1=" " ind2=" ">
			<marc:subfield code="a">unmediated</marc:subfield>
			<marc:subfield code="b">n</marc:subfield>
			<marc:subfield code="2">rdamedia</marc:subfield>
		</marc:datafield>
		<marc:datafield tag="338" ind1=" " ind2=" ">
			<marc:subfield code="a">volume</marc:subfield>
			<marc:subfield code="b">nc</marc:subfield>
			<marc:subfield code="2">rdacarrier</marc:subfield>
		</marc:datafield>
		<marc:datafield tag="348" ind1=" " ind2=" ">
			<marc:subfield code="a">score</marc:subfield>
			<marc:subfield code="2">rdafnm</marc:subfield>
		</marc:datafield>
		<marc:datafield tag="382" ind1="0" ind2="1">
			<marc:subfield code="b">soprano voice</marc:subfield>
			<marc:subfield code="n">1</marc:subfield>
			<marc:subfield code="b">alto voice</marc:subfield>
			<marc:subfield code="n">1</marc:subfield>
			<marc:subfield code="b">tenor voice</marc:subfield>
			<marc:subfield code="n">1</marc:subfield>
			<marc:subfield code="a">mixed chorus</marc:subfield>
			<marc:subfield code="v">SATB</marc:subfield>
			<marc:subfield code="e">1</marc:subfield>
			<marc:subfield code="a">string orchestra</marc:subfield>
			<marc:subfield code="e">1</marc:subfield>
			<marc:subfield code="r">3</marc:subfield>
			<marc:subfield code="t">2</marc:subfield>
			<marc:subfield code="2">lcmpt</marc:subfield>
		</marc:datafield>
		<marc:datafield tag="382" ind1="0" ind2="1">
			<marc:subfield code="b">alto voice</marc:subfield>
			<marc:subfield code="n">1</marc:subfield>
			<marc:subfield code="a">mixed chorus</marc:subfield>
			<marc:subfield code="v">SATB</marc:subfield>
			<marc:subfield code="e">1</marc:subfield>
			<marc:subfield code="a">chamber orchestra</marc:subfield>
			<marc:subfield code="e">1</marc:subfield>
			<marc:subfield code="r">1</marc:subfield>
			<marc:subfield code="t">2</marc:subfield>
			<marc:subfield code="2">lcmpt</marc:subfield>
		</marc:datafield>
		<marc:datafield tag="382" ind1="0" ind2="1">
			<marc:subfield code="a">mixed chorus</marc:subfield>
			<marc:subfield code="v">SATB</marc:subfield>
			<marc:subfield code="e">1</marc:subfield>
			<marc:subfield code="a">string orchestra</marc:subfield>
			<marc:subfield code="e">1</marc:subfield>
			<marc:subfield code="t">2</marc:subfield>
			<marc:subfield code="2">lcmpt</marc:subfield>
		</marc:datafield>
		<marc:datafield tag="382" ind1="0" ind2="1">
			<marc:subfield code="a">mixed chorus</marc:subfield>
			<marc:subfield code="v">SATB</marc:subfield>
			<marc:subfield code="e">1</marc:subfield>
			<marc:subfield code="a">chamber orchestra</marc:subfield>
			<marc:subfield code="e">1</marc:subfield>
			<marc:subfield code="t">2</marc:subfield>
			<marc:subfield code="2">lcmpt</marc:subfield>
		</marc:datafield>
		<marc:datafield tag="382" ind1="0" ind2="1">
			<marc:subfield code="b">soprano voice</marc:subfield>
			<marc:subfield code="n">1</marc:subfield>
			<marc:subfield code="b">tenor voice</marc:subfield>
			<marc:subfield code="n">1</marc:subfield>
			<marc:subfield code="b">bass voice</marc:subfield>
			<marc:subfield code="n">1</marc:subfield>
			<marc:subfield code="a">mixed chorus</marc:subfield>
			<marc:subfield code="v">SATB</marc:subfield>
			<marc:subfield code="e">1</marc:subfield>
			<marc:subfield code="a">chamber orchestra</marc:subfield>
			<marc:subfield code="e">1</marc:subfield>
			<marc:subfield code="r">3</marc:subfield>
			<marc:subfield code="t">2</marc:subfield>
			<marc:subfield code="2">lcmpt</marc:subfield>
		</marc:datafield>
		<marc:datafield tag="383" ind1=" " ind2=" ">
			<marc:subfield code="c">ZWV 128</marc:subfield>
			<marc:subfield code="d">Reich</marc:subfield>
			<marc:subfield code="2">mlati</marc:subfield>
		</marc:datafield>
		<marc:datafield tag="490" ind1="1" ind2=" ">
			<marc:subfield code="a">Recent researches in the music of the Baroque Era,</marc:subfield>
			<marc:subfield code="x">0484-0828 ;</marc:subfield>
			<marc:subfield code="v">204</marc:subfield>
		</marc:datafield>
		<marc:datafield tag="500" ind1=" " ind2=" ">
			<marc:subfield code="a">The 1st setting for soprano, alto, and tenor solo, SATB chorus, 2 violins, viola, and basso continuo; the 2nd for alto solo, SATB chorus, 2 oboes, 2 violins, viola, basso ripieno, and basso continuo; the 3rd and 4th for SATB chorus, 2 violins, viola, and basso continuo; the 5th for SATB chorus, 2 oboes, 2 violins, viola, basso ripieno, and basso continuo; the 6th for soprano, tenor, and bass solo, SATB chorus, 2 oboes, 2 violins, viola, basso ripieno, and basso continuo.</marc:subfield>
		</marc:datafield>
		<marc:datafield tag="546" ind1=" " ind2=" ">
			<marc:subfield code="a">Latin words.</marc:subfield>
		</marc:datafield>
		<marc:datafield tag="546" ind1=" " ind2=" ">
			<marc:subfield code="b">Staff notation.</marc:subfield>
		</marc:datafield>
		<marc:datafield tag="500" ind1=" " ind2=" ">
			<marc:subfield code="a">Includes introduction, biographical and program notes, performance instructions and critical commentaries.</marc:subfield>
		</marc:datafield>
		<marc:datafield tag="504" ind1=" " ind2=" ">
			<marc:subfield code="a">Includes bibliographical references.</marc:subfield>
		</marc:datafield>
		<marc:datafield tag="505" ind1="0" ind2=" ">
			<marc:subfield code="a">Introduction -- The composer -- Zalenka's &quot;Ave regina coelorum&quot; settings (ZWV 128) -- Plates -- Six settings of &quot;Ave regina coelorum&quot; settings (ZWV 128) -- Critical report.</marc:subfield>
		</marc:datafield>
		<marc:datafield tag="650" ind1=" " ind2="0">
			<marc:subfield code="a">Choruses, Sacred (Mixed voices) with instrumental ensemble</marc:subfield>
			<marc:subfield code="v">Scores.</marc:subfield>
		</marc:datafield>
		<marc:datafield tag="600" ind1="0" ind2="0">
			<marc:subfield code="a">Mary,</marc:subfield>
			<marc:subfield code="c">Blessed Virgin, Saint</marc:subfield>
			<marc:subfield code="v">Songs and music.</marc:subfield>
		</marc:datafield>
		<marc:datafield tag="650" ind1=" " ind2="0">
			<marc:subfield code="a">Ave Regina Caelorum (Music)</marc:subfield>
		</marc:datafield>
		<marc:datafield tag="650" ind1=" " ind2="0">
			<marc:subfield code="a">Antiphons (Music)</marc:subfield>
		</marc:datafield>
		<marc:datafield tag="650" ind1=" " ind2="0">
			<marc:subfield code="a">Motets.</marc:subfield>
		</marc:datafield>
		<marc:datafield tag="650" ind1=" " ind2="6">
			<marc:subfield code="a">Chœurs sacrés (Voix mixtes) acc. d'ensemble instrumental</marc:subfield>
			<marc:subfield code="0">(CaQQLa)201-0034257</marc:subfield>
			<marc:subfield code="v">Partitions.</marc:subfield>
			<marc:subfield code="0">(CaQQLa)201-0378141</marc:subfield>
		</marc:datafield>
		<marc:datafield tag="600" ind1="0" ind2="6">
			<marc:subfield code="a">Marie,</marc:subfield>
			<marc:subfield code="c">Sainte Vierge</marc:subfield>
			<marc:subfield code="v">Chants et musique.</marc:subfield>
			<marc:subfield code="0">(CaQQLa)201-0387847</marc:subfield>
		</marc:datafield>
		<marc:datafield tag="650" ind1=" " ind2="6">
			<marc:subfield code="a">Ave Regina cœlorum (Musique)</marc:subfield>
			<marc:subfield code="0">(CaQQLa)201-0039611</marc:subfield>
		</marc:datafield>
		<marc:datafield tag="650" ind1=" " ind2="6">
			<marc:subfield code="a">Antiennes.</marc:subfield>
			<marc:subfield code="0">(CaQQLa)201-0021849</marc:subfield>
		</marc:datafield>
		<marc:datafield tag="650" ind1=" " ind2="6">
			<marc:subfield code="a">Motets.</marc:subfield>
			<marc:subfield code="0">(CaQQLa)201-0001542</marc:subfield>
		</marc:datafield>
		<marc:datafield tag="600" ind1="0" ind2="7">
			<marc:subfield code="a">Mary,</marc:subfield>
			<marc:subfield code="c">Blessed Virgin, Saint.</marc:subfield>
			<marc:subfield code="2">fast</marc:subfield>
			<marc:subfield code="0">(OCoLC)fst00068107</marc:subfield>
		</marc:datafield>
		<marc:datafield tag="650" ind1=" " ind2="7">
			<marc:subfield code="a">Motets.</marc:subfield>
			<marc:subfield code="2">fast</marc:subfield>
			<marc:subfield code="0">(OCoLC)fst01026871</marc:subfield>
		</marc:datafield>
		<marc:datafield tag="650" ind1=" " ind2="7">
			<marc:subfield code="a">Choruses, Sacred (Mixed voices) with instrumental ensemble</marc:subfield>
			<marc:subfield code="x">Scores.</marc:subfield>
			<marc:subfield code="2">fast</marc:subfield>
			<marc:subfield code="0">(OCoLC)fst01905460</marc:subfield>
		</marc:datafield>
		<marc:datafield tag="650" ind1=" " ind2="7">
			<marc:subfield code="a">Ave Regina Caelorum (Music)</marc:subfield>
			<marc:subfield code="2">fast</marc:subfield>
			<marc:subfield code="0">(OCoLC)fst00824317</marc:subfield>
		</marc:datafield>
		<marc:datafield tag="650" ind1=" " ind2="7">
			<marc:subfield code="a">Antiphons (Music)</marc:subfield>
			<marc:subfield code="2">fast</marc:subfield>
			<marc:subfield code="0">(OCoLC)fst00810660</marc:subfield>
		</marc:datafield>
		<marc:datafield tag="655" ind1=" " ind2="7">
			<marc:subfield code="a">Antiphons (Music)</marc:subfield>
			<marc:subfield code="2">fast</marc:subfield>
			<marc:subfield code="0">(OCoLC)fst01920005</marc:subfield>
		</marc:datafield>
		<marc:datafield tag="655" ind1=" " ind2="7">
			<marc:subfield code="a">Sacred music.</marc:subfield>
			<marc:subfield code="2">fast</marc:subfield>
			<marc:subfield code="0">(OCoLC)fst01920332</marc:subfield>
		</marc:datafield>
		<marc:datafield tag="655" ind1=" " ind2="7">
			<marc:subfield code="a">Scores.</marc:subfield>
			<marc:subfield code="2">fast</marc:subfield>
			<marc:subfield code="0">(OCoLC)fst01692898</marc:subfield>
		</marc:datafield>
		<marc:datafield tag="655" ind1=" " ind2="7">
			<marc:subfield code="a">Songs and music.</marc:subfield>
			<marc:subfield code="2">fast</marc:subfield>
			<marc:subfield code="0">(OCoLC)fst01985328</marc:subfield>
		</marc:datafield>
		<marc:datafield tag="655" ind1=" " ind2="7">
			<marc:subfield code="a">Antiphons (Music)</marc:subfield>
			<marc:subfield code="2">lcgft</marc:subfield>
		</marc:datafield>
		<marc:datafield tag="655" ind1=" " ind2="7">
			<marc:subfield code="a">Sacred music.</marc:subfield>
			<marc:subfield code="2">lcgft</marc:subfield>
		</marc:datafield>
		<marc:datafield tag="655" ind1=" " ind2="7">
			<marc:subfield code="a">Scores.</marc:subfield>
			<marc:subfield code="2">lcgft</marc:subfield>
		</marc:datafield>
		<marc:datafield tag="655" ind1=" " ind2="7">
			<marc:subfield code="a">Antiennes.</marc:subfield>
			<marc:subfield code="2">rvmgf</marc:subfield>
			<marc:subfield code="0">(CaQQLa)RVMGF-000000821</marc:subfield>
		</marc:datafield>
		<marc:datafield tag="655" ind1=" " ind2="7">
			<marc:subfield code="a">Musique sacrée.</marc:subfield>
			<marc:subfield code="2">rvmgf</marc:subfield>
			<marc:subfield code="0">(CaQQLa)RVMGF-000000701</marc:subfield>
		</marc:datafield>
		<marc:datafield tag="655" ind1=" " ind2="7">
			<marc:subfield code="a">Partitions (Musique)</marc:subfield>
			<marc:subfield code="2">rvmgf</marc:subfield>
			<marc:subfield code="0">(CaQQLa)RVMGF-000000816</marc:subfield>
		</marc:datafield>
		<marc:datafield tag="700" ind1="1" ind2=" ">
			<marc:subfield code="a">Kiernan, Frederic,</marc:subfield>
			<marc:subfield code="e">editor.</marc:subfield>
		</marc:datafield>
		<marc:datafield tag="830" ind1=" " ind2="0">
			<marc:subfield code="a">Recent researches in the music of the Baroque Era ;</marc:subfield>
			<marc:subfield code="v">v. 204.</marc:subfield>
		</marc:datafield>
		<marc:datafield tag="938" ind1=" " ind2=" ">
			<marc:subfield code="a">Otto Harrassowitz</marc:subfield>
			<marc:subfield code="b">HARR</marc:subfield>
			<marc:subfield code="n">har195000237</marc:subfield>
		</marc:datafield>
		<marc:datafield tag="938" ind1=" " ind2=" ">
			<marc:subfield code="a">Theodore Front Musical Literature</marc:subfield>
			<marc:subfield code="b">TFRT</marc:subfield>
			<marc:subfield code="n">TF467997</marc:subfield>
		</marc:datafield>
		<marc:datafield tag="938" ind1=" " ind2=" ">
			<marc:subfield code="a">YBP Library Services</marc:subfield>
			<marc:subfield code="b">YANK</marc:subfield>
			<marc:subfield code="n">15738348</marc:subfield>
		</marc:datafield>
		<marc:datafield tag="029" ind1="1" ind2=" ">
			<marc:subfield code="a">AU@</marc:subfield>
			<marc:subfield code="b">000064446297</marc:subfield>
		</marc:datafield>
		<marc:datafield tag="029" ind1="1" ind2=" ">
			<marc:subfield code="a">UKMGB</marc:subfield>
			<marc:subfield code="b">019471315</marc:subfield>
		</marc:datafield>
	</marc:record>