
	<marc:record>
		<marc:leader>04584cjm a2200949 a 4500</marc:leader>
		<marc:controlfield tag="001">28088962</marc:controlfield>
		<marc:controlfield tag="005">20220620130337.8</marc:controlfield>
		<marc:controlfield tag="008">930511p19921981nyuconn  efi      n zxx d</marc:controlfield>
		<marc:controlfield tag="007">sd fsngnnmm|ed</marc:controlfield>
		<marc:datafield tag="010" ind1=" " ind2=" ">
			<marc:subfield code="a">   94774584 </marc:subfield>
		</marc:datafield>
		<marc:datafield tag="040" ind1=" " ind2=" ">
			<marc:subfield code="a">MNS</marc:subfield>
			<marc:subfield code="b">eng</marc:subfield>
			<marc:subfield code="c">DLC</marc:subfield>
			<marc:subfield code="d">SNN</marc:subfield>
			<marc:subfield code="d">OCLCG</marc:subfield>
			<marc:subfield code="d">PUL</marc:subfield>
			<marc:subfield code="d">LS1</marc:subfield>
			<marc:subfield code="d">OCLCQ</marc:subfield>
			<marc:subfield code="d">OCLCO</marc:subfield>
			<marc:subfield code="d">OCLCA</marc:subfield>
			<marc:subfield code="d">OCLCQ</marc:subfield>
			<marc:subfield code="d">OCLCA</marc:subfield>
			<marc:subfield code="d">OCLCF</marc:subfield>
			<marc:subfield code="d">CTB</marc:subfield>
			<marc:subfield code="d">OCLCQ</marc:subfield>
			<marc:subfield code="d">OCLCA</marc:subfield>
			<marc:subfield code="d">AZS</marc:subfield>
			<marc:subfield code="d">OCLCA</marc:subfield>
			<marc:subfield code="d">OCL</marc:subfield>
			<marc:subfield code="d">OCLCA</marc:subfield>
			<marc:subfield code="d">CUT</marc:subfield>
			<marc:subfield code="d">OCLCO</marc:subfield>
			<marc:subfield code="d">OCLCA</marc:subfield>
			<marc:subfield code="d">OCLCO</marc:subfield>
		</marc:datafield>
		<marc:datafield tag="019" ind1=" " ind2=" ">
			<marc:subfield code="a">39766011</marc:subfield>
			<marc:subfield code="a">1016387006</marc:subfield>
			<marc:subfield code="a">1176073933</marc:subfield>
			<marc:subfield code="a">1201807715</marc:subfield>
			<marc:subfield code="a">1206313160</marc:subfield>
		</marc:datafield>
		<marc:datafield tag="024" ind1="1" ind2=" ">
			<marc:subfield code="a">099923711025</marc:subfield>
		</marc:datafield>
		<marc:datafield tag="024" ind1="1" ind2=" ">
			<marc:subfield code="z">9992371102</marc:subfield>
		</marc:datafield>
		<marc:datafield tag="028" ind1="0" ind2="2">
			<marc:subfield code="a">3-7110-2 H1</marc:subfield>
			<marc:subfield code="b">Koch International Classics</marc:subfield>
		</marc:datafield>
		<marc:datafield tag="033" ind1="1" ind2="0">
			<marc:subfield code="a">19900209</marc:subfield>
			<marc:subfield code="a">19810331</marc:subfield>
			<marc:subfield code="b">3804</marc:subfield>
			<marc:subfield code="c">N4</marc:subfield>
		</marc:datafield>
		<marc:datafield tag="033" ind1="1" ind2="0">
			<marc:subfield code="a">19910614</marc:subfield>
			<marc:subfield code="a">19910617</marc:subfield>
			<marc:subfield code="b">3800</marc:subfield>
		</marc:datafield>
		<marc:datafield tag="041" ind1="0" ind2=" ">
			<marc:subfield code="g">eng</marc:subfield>
		</marc:datafield>
		<marc:datafield tag="042" ind1=" " ind2=" ">
			<marc:subfield code="a">lccopycat</marc:subfield>
		</marc:datafield>
		<marc:datafield tag="045" ind1="1" ind2=" ">
			<marc:subfield code="b">d1987</marc:subfield>
			<marc:subfield code="b">d1977</marc:subfield>
			<marc:subfield code="b">d1978</marc:subfield>
			<marc:subfield code="b">d1975</marc:subfield>
		</marc:datafield>
		<marc:datafield tag="048" ind1=" " ind2=" ">
			<marc:subfield code="b">sc01</marc:subfield>
			<marc:subfield code="a">oa</marc:subfield>
		</marc:datafield>
		<marc:datafield tag="048" ind1=" " ind2=" ">
			<marc:subfield code="a">bd01</marc:subfield>
			<marc:subfield code="a">sa02</marc:subfield>
			<marc:subfield code="a">sb01</marc:subfield>
			<marc:subfield code="a">sc01</marc:subfield>
		</marc:datafield>
		<marc:datafield tag="048" ind1=" " ind2=" ">
			<marc:subfield code="a">bd01</marc:subfield>
			<marc:subfield code="a">wa02</marc:subfield>
			<marc:subfield code="a">we01</marc:subfield>
			<marc:subfield code="a">wc01</marc:subfield>
			<marc:subfield code="a">wg01</marc:subfield>
			<marc:subfield code="a">ba02</marc:subfield>
			<marc:subfield code="a">bd01</marc:subfield>
			<marc:subfield code="a">pc01</marc:subfield>
			<marc:subfield code="a">ka01</marc:subfield>
		</marc:datafield>
		<marc:datafield tag="048" ind1=" " ind2=" ">
			<marc:subfield code="a">wa01</marc:subfield>
			<marc:subfield code="a">wb01</marc:subfield>
			<marc:subfield code="a">wc01</marc:subfield>
			<marc:subfield code="a">wd01</marc:subfield>
			<marc:subfield code="a">ba01</marc:subfield>
			<marc:subfield code="a">bb01</marc:subfield>
			<marc:subfield code="a">bd01</marc:subfield>
			<marc:subfield code="a">sa01</marc:subfield>
			<marc:subfield code="a">sb01</marc:subfield>
			<marc:subfield code="a">sc01</marc:subfield>
			<marc:subfield code="a">sd01</marc:subfield>
			<marc:subfield code="a">ka01</marc:subfield>
		</marc:datafield>
		<marc:datafield tag="050" ind1="0" ind2="0">
			<marc:subfield code="a">SDA 73071</marc:subfield>
		</marc:datafield>
		<marc:datafield tag="082" ind1="0" ind2="4">
			<marc:subfield code="a">785</marc:subfield>
			<marc:subfield code="2">20</marc:subfield>
		</marc:datafield>
		<marc:datafield tag="100" ind1="1" ind2=" ">
			<marc:subfield code="a">Wuorinen, Charles,</marc:subfield>
			<marc:subfield code="e">composer.</marc:subfield>
		</marc:datafield>
		<marc:datafield tag="240" ind1="1" ind2="0">
			<marc:subfield code="a">Instrumental music.</marc:subfield>
			<marc:subfield code="k">Selections</marc:subfield>
		</marc:datafield>
		<marc:datafield tag="245" ind1="1" ind2="0">
			<marc:subfield code="a">Five :</marc:subfield>
			<marc:subfield code="b">concerto for amplified cello and orchestra ; Archangel : for bass trombone &amp; string quartet ; Archæopteryx : for bass trombone &amp; 10 players ; Hyperion /</marc:subfield>
			<marc:subfield code="c">Charles Wuorinen.</marc:subfield>
		</marc:datafield>
		<marc:datafield tag="260" ind1=" " ind2=" ">
			<marc:subfield code="a">Westbury, N.Y. :</marc:subfield>
			<marc:subfield code="b">Koch International Classics,</marc:subfield>
			<marc:subfield code="c">℗1992.</marc:subfield>
		</marc:datafield>
		<marc:datafield tag="300" ind1=" " ind2=" ">
			<marc:subfield code="a">1 audio disc :</marc:subfield>
			<marc:subfield code="b">digital ;</marc:subfield>
			<marc:subfield code="c">4 3/4 in.</marc:subfield>
		</marc:datafield>
		<marc:datafield tag="306" ind1=" " ind2=" ">
			<marc:subfield code="a">002228</marc:subfield>
			<marc:subfield code="a">001245</marc:subfield>
			<marc:subfield code="a">001532</marc:subfield>
			<marc:subfield code="a">001720</marc:subfield>
		</marc:datafield>
		<marc:datafield tag="336" ind1=" " ind2=" ">
			<marc:subfield code="a">performed music</marc:subfield>
			<marc:subfield code="b">prm</marc:subfield>
			<marc:subfield code="2">rdacontent</marc:subfield>
		</marc:datafield>
		<marc:datafield tag="337" ind1=" " ind2=" ">
			<marc:subfield code="a">audio</marc:subfield>
			<marc:subfield code="b">s</marc:subfield>
			<marc:subfield code="2">rdamedia</marc:subfield>
		</marc:datafield>
		<marc:datafield tag="338" ind1=" " ind2=" ">
			<marc:subfield code="a">audio disc</marc:subfield>
			<marc:subfield code="b">sd</marc:subfield>
			<marc:subfield code="2">rdacarrier</marc:subfield>
		</marc:datafield>
		<marc:datafield tag="344" ind1=" " ind2=" ">
			<marc:subfield code="a">digital</marc:subfield>
			<marc:subfield code="2">rdatr</marc:subfield>
		</marc:datafield>
		<marc:datafield tag="344" ind1=" " ind2=" ">
			<marc:subfield code="b">optical</marc:subfield>
			<marc:subfield code="2">rdarm</marc:subfield>
		</marc:datafield>
		<marc:datafield tag="347" ind1=" " ind2=" ">
			<marc:subfield code="a">audio file</marc:subfield>
			<marc:subfield code="2">rdaft</marc:subfield>
		</marc:datafield>
		<marc:datafield tag="347" ind1=" " ind2=" ">
			<marc:subfield code="b">CD audio</marc:subfield>
		</marc:datafield>
		<marc:datafield tag="382" ind1="0" ind2="1">
			<marc:subfield code="b">cello</marc:subfield>
			<marc:subfield code="v">amplified cello</marc:subfield>
			<marc:subfield code="n">1</marc:subfield>
			<marc:subfield code="a">orchestra</marc:subfield>
			<marc:subfield code="e">1</marc:subfield>
			<marc:subfield code="r">1</marc:subfield>
			<marc:subfield code="t">1</marc:subfield>
			<marc:subfield code="2">lcmpt</marc:subfield>
		</marc:datafield>
		<marc:datafield tag="382" ind1="0" ind2="1">
			<marc:subfield code="b">bass trombone</marc:subfield>
			<marc:subfield code="a">violin</marc:subfield>
			<marc:subfield code="n">2</marc:subfield>
			<marc:subfield code="a">viola</marc:subfield>
			<marc:subfield code="n">1</marc:subfield>
			<marc:subfield code="a">cello</marc:subfield>
			<marc:subfield code="n">1</marc:subfield>
			<marc:subfield code="s">5</marc:subfield>
			<marc:subfield code="2">lcmpt</marc:subfield>
		</marc:datafield>
		<marc:datafield tag="382" ind1="0" ind2="1">
			<marc:subfield code="b">bass trombone</marc:subfield>
			<marc:subfield code="a">flute</marc:subfield>
			<marc:subfield code="n">2</marc:subfield>
			<marc:subfield code="a">flute</marc:subfield>
			<marc:subfield code="n">1</marc:subfield>
			<marc:subfield code="d">piccolo</marc:subfield>
			<marc:subfield code="n">1</marc:subfield>
			<marc:subfield code="a">clarinet</marc:subfield>
			<marc:subfield code="n">1</marc:subfield>
			<marc:subfield code="a">bass clarinet</marc:subfield>
			<marc:subfield code="n">1</marc:subfield>
			<marc:subfield code="a">horn</marc:subfield>
			<marc:subfield code="n">2</marc:subfield>
			<marc:subfield code="a">tuba</marc:subfield>
			<marc:subfield code="n">1</marc:subfield>
			<marc:subfield code="a">piano</marc:subfield>
			<marc:subfield code="n">1</marc:subfield>
			<marc:subfield code="s">10</marc:subfield>
			<marc:subfield code="2">lcmpt</marc:subfield>
		</marc:datafield>
		<marc:datafield tag="382" ind1="0" ind2="1">
			<marc:subfield code="a">flute</marc:subfield>
			<marc:subfield code="n">1</marc:subfield>
			<marc:subfield code="a">oboe</marc:subfield>
			<marc:subfield code="n">1</marc:subfield>
			<marc:subfield code="a">clarinet</marc:subfield>
			<marc:subfield code="n">1</marc:subfield>
			<marc:subfield code="a">bassoon</marc:subfield>
			<marc:subfield code="n">1</marc:subfield>
			<marc:subfield code="a">horn</marc:subfield>
			<marc:subfield code="n">1</marc:subfield>
			<marc:subfield code="a">trumpet</marc:subfield>
			<marc:subfield code="n">1</marc:subfield>
			<marc:subfield code="a">trombone</marc:subfield>
			<marc:subfield code="n">1</marc:subfield>
			<marc:subfield code="a">violin</marc:subfield>
			<marc:subfield code="n">1</marc:subfield>
			<marc:subfield code="a">viola</marc:subfield>
			<marc:subfield code="n">1</marc:subfield>
			<marc:subfield code="a">cello</marc:subfield>
			<marc:subfield code="n">1</marc:subfield>
			<marc:subfield code="a">double bass</marc:subfield>
			<marc:subfield code="n">1</marc:subfield>
			<marc:subfield code="a">piano</marc:subfield>
			<marc:subfield code="n">1</marc:subfield>
			<marc:subfield code="s">12</marc:subfield>
			<marc:subfield code="2">lcmpt</marc:subfield>
		</marc:datafield>
		<marc:datafield tag="500" ind1=" " ind2=" ">
			<marc:subfield code="a">The 4th work for 12 instruments.</marc:subfield>
		</marc:datafield>
		<marc:datafield tag="511" ind1="0" ind2=" ">
			<marc:subfield code="a">Fred Sherry, violoncello (1st work); David Taylor, bass trombone (2nd-3rd works); guest artists from the Group for Contemporary Music (2nd work); Orchestra of St. Luke's (1st work); St. Luke's Chamber Ensemble (3rd-4th works); conducted by the composer.</marc:subfield>
		</marc:datafield>
		<marc:datafield tag="518" ind1=" " ind2=" ">
			<marc:subfield code="a">The 1st work recorded Feb. 9, 1990 at the Manhattan Center Studios, New York; the 2nd recorded Mar. 31, 1981 at Holy Trinity Church, New York; the 3rd and 4th recorded June 14 and 17, 1991, at SUNY Purchase.</marc:subfield>
		</marc:datafield>
		<marc:datafield tag="500" ind1=" " ind2=" ">
			<marc:subfield code="a">&quot;World premiere recordings.&quot;</marc:subfield>
		</marc:datafield>
		<marc:datafield tag="500" ind1=" " ind2=" ">
			<marc:subfield code="a">Compact disc.</marc:subfield>
		</marc:datafield>
		<marc:datafield tag="500" ind1=" " ind2=" ">
			<marc:subfield code="a">Durations: 22:28; 12:45; 15:32; 17:20.</marc:subfield>
		</marc:datafield>
		<marc:datafield tag="500" ind1=" " ind2=" ">
			<marc:subfield code="a">Biographical and program notes, principally by Tim Page ([11] p. : ports.) inserted in container.</marc:subfield>
		</marc:datafield>
		<marc:datafield tag="650" ind1=" " ind2="0">
			<marc:subfield code="a">Concertos (Cello)</marc:subfield>
		</marc:datafield>
		<marc:datafield tag="650" ind1=" " ind2="0">
			<marc:subfield code="a">Quintets (Trombone, violins (2), viola, cello)</marc:subfield>
		</marc:datafield>
		<marc:datafield tag="650" ind1=" " ind2="0">
			<marc:subfield code="a">Bass trombone with instrumental ensemble.</marc:subfield>
		</marc:datafield>
		<marc:datafield tag="650" ind1=" " ind2="0">
			<marc:subfield code="a">Instrumental ensembles.</marc:subfield>
		</marc:datafield>
		<marc:datafield tag="650" ind1=" " ind2="6">
			<marc:subfield code="a">Concertos (Violoncelle)</marc:subfield>
			<marc:subfield code="0">(CaQQLa)201-0037826</marc:subfield>
		</marc:datafield>
		<marc:datafield tag="650" ind1=" " ind2="6">
			<marc:subfield code="a">Trombone basse et ensemble instrumental.</marc:subfield>
			<marc:subfield code="0">(CaQQLa)201-0140561</marc:subfield>
		</marc:datafield>
		<marc:datafield tag="650" ind1=" " ind2="6">
			<marc:subfield code="a">Ensembles instrumentaux.</marc:subfield>
			<marc:subfield code="0">(CaQQLa)201-0007616</marc:subfield>
		</marc:datafield>
		<marc:datafield tag="650" ind1=" " ind2="7">
			<marc:subfield code="a">Bass trombone with instrumental ensemble.</marc:subfield>
			<marc:subfield code="2">fast</marc:subfield>
			<marc:subfield code="0">(OCoLC)fst00828470</marc:subfield>
		</marc:datafield>
		<marc:datafield tag="650" ind1=" " ind2="7">
			<marc:subfield code="a">Concertos (Cello)</marc:subfield>
			<marc:subfield code="2">fast</marc:subfield>
			<marc:subfield code="0">(OCoLC)fst01860352</marc:subfield>
		</marc:datafield>
		<marc:datafield tag="650" ind1=" " ind2="7">
			<marc:subfield code="a">Instrumental ensembles.</marc:subfield>
			<marc:subfield code="2">fast</marc:subfield>
			<marc:subfield code="0">(OCoLC)fst00974411</marc:subfield>
		</marc:datafield>
		<marc:datafield tag="650" ind1=" " ind2="7">
			<marc:subfield code="a">Quintets (Trombone, violins (2), viola, cello)</marc:subfield>
			<marc:subfield code="2">fast</marc:subfield>
			<marc:subfield code="0">(OCoLC)fst01864638</marc:subfield>
		</marc:datafield>
		<marc:datafield tag="655" ind1=" " ind2="7">
			<marc:subfield code="a">Chamber music.</marc:subfield>
			<marc:subfield code="2">fast</marc:subfield>
			<marc:subfield code="0">(OCoLC)fst01726551</marc:subfield>
		</marc:datafield>
		<marc:datafield tag="655" ind1=" " ind2="7">
			<marc:subfield code="a">Concertos.</marc:subfield>
			<marc:subfield code="2">fast</marc:subfield>
			<marc:subfield code="0">(OCoLC)fst01726450</marc:subfield>
		</marc:datafield>
		<marc:datafield tag="655" ind1=" " ind2="7">
			<marc:subfield code="a">Chamber music.</marc:subfield>
			<marc:subfield code="2">lcgft</marc:subfield>
		</marc:datafield>
		<marc:datafield tag="655" ind1=" " ind2="7">
			<marc:subfield code="a">Concertos.</marc:subfield>
			<marc:subfield code="2">lcgft</marc:subfield>
		</marc:datafield>
		<marc:datafield tag="655" ind1=" " ind2="7">
			<marc:subfield code="a">Musique de chambre.</marc:subfield>
			<marc:subfield code="2">rvmgf</marc:subfield>
			<marc:subfield code="0">(CaQQLa)RVMGF-000000719</marc:subfield>
		</marc:datafield>
		<marc:datafield tag="655" ind1=" " ind2="7">
			<marc:subfield code="a">Concertos.</marc:subfield>
			<marc:subfield code="2">rvmgf</marc:subfield>
			<marc:subfield code="0">(CaQQLa)RVMGF-000000723</marc:subfield>
		</marc:datafield>
		<marc:datafield tag="700" ind1="1" ind2=" ">
			<marc:subfield code="a">Sherry, Fred,</marc:subfield>
			<marc:subfield code="e">instrumentalist.</marc:subfield>
		</marc:datafield>
		<marc:datafield tag="700" ind1="1" ind2=" ">
			<marc:subfield code="a">Taylor, David,</marc:subfield>
			<marc:subfield code="d">1944-</marc:subfield>
			<marc:subfield code="e">instrumentalist.</marc:subfield>
		</marc:datafield>
		<marc:datafield tag="700" ind1="1" ind2=" ">
			<marc:subfield code="a">Wuorinen, Charles,</marc:subfield>
			<marc:subfield code="e">conductor.</marc:subfield>
		</marc:datafield>
		<marc:datafield tag="700" ind1="1" ind2="2">
			<marc:subfield code="a">Wuorinen, Charles.</marc:subfield>
			<marc:subfield code="t">Five.</marc:subfield>
		</marc:datafield>
		<marc:datafield tag="700" ind1="1" ind2="2">
			<marc:subfield code="a">Wuorinen, Charles.</marc:subfield>
			<marc:subfield code="t">Archangel.</marc:subfield>
		</marc:datafield>
		<marc:datafield tag="700" ind1="1" ind2="2">
			<marc:subfield code="a">Wuorinen, Charles.</marc:subfield>
			<marc:subfield code="t">Archæopteryx.</marc:subfield>
		</marc:datafield>
		<marc:datafield tag="700" ind1="1" ind2="2">
			<marc:subfield code="a">Wuorinen, Charles.</marc:subfield>
			<marc:subfield code="t">Hyperion.</marc:subfield>
		</marc:datafield>
		<marc:datafield tag="710" ind1="2" ind2=" ">
			<marc:subfield code="a">Group for Contemporary Music,</marc:subfield>
			<marc:subfield code="e">performer.</marc:subfield>
		</marc:datafield>
		<marc:datafield tag="710" ind1="2" ind2=" ">
			<marc:subfield code="a">Orchestra of St. Luke's,</marc:subfield>
			<marc:subfield code="e">instrumentalist.</marc:subfield>
		</marc:datafield>
		<marc:datafield tag="710" ind1="2" ind2=" ">
			<marc:subfield code="a">St. Luke's Chamber Ensemble,</marc:subfield>
			<marc:subfield code="e">instrumentalist.</marc:subfield>
		</marc:datafield>
		<marc:datafield tag="740" ind1="0" ind2="2">
			<marc:subfield code="a">Archangel.</marc:subfield>
		</marc:datafield>
		<marc:datafield tag="740" ind1="0" ind2="2">
			<marc:subfield code="a">Archæopteryx.</marc:subfield>
		</marc:datafield>
		<marc:datafield tag="740" ind1="0" ind2="2">
			<marc:subfield code="a">Hyperion.</marc:subfield>
		</marc:datafield>
		<marc:datafield tag="029" ind1="1" ind2=" ">
			<marc:subfield code="a">AU@</marc:subfield>
			<marc:subfield code="b">000011418949</marc:subfield>
		</marc:datafield>
		<marc:datafield tag="029" ind1="1" ind2=" ">
			<marc:subfield code="a">AU@</marc:subfield>
			<marc:subfield code="b">000023671216</marc:subfield>
		</marc:datafield>
	</marc:record>