
	<marc:record>
		<marc:leader>02341ccm a2200493 i 4500</marc:leader>
		<marc:controlfield tag="001">1054014464</marc:controlfield>
		<marc:controlfield tag="005">20220715134032.4</marc:controlfield>
		<marc:controlfield tag="008">180815t20182018nyuuul   hi    n    zxx d</marc:controlfield>
		<marc:datafield tag="040" ind1=" " ind2=" ">
			<marc:subfield code="a">TDF</marc:subfield>
			<marc:subfield code="b">eng</marc:subfield>
			<marc:subfield code="e">rda</marc:subfield>
			<marc:subfield code="c">TDF</marc:subfield>
			<marc:subfield code="d">OCLCO</marc:subfield>
			<marc:subfield code="d">OHX</marc:subfield>
			<marc:subfield code="d">EYM</marc:subfield>
			<marc:subfield code="d">NUI</marc:subfield>
			<marc:subfield code="d">OCLCF</marc:subfield>
			<marc:subfield code="d">EMU</marc:subfield>
			<marc:subfield code="d">ORU</marc:subfield>
			<marc:subfield code="d">MDS</marc:subfield>
			<marc:subfield code="d">OCLCO</marc:subfield>
			<marc:subfield code="d">OCLCQ</marc:subfield>
			<marc:subfield code="d">OCLCO</marc:subfield>
			<marc:subfield code="d">OCLCA</marc:subfield>
		</marc:datafield>
		<marc:datafield tag="041" ind1="0" ind2=" ">
			<marc:subfield code="g">eng</marc:subfield>
		</marc:datafield>
		<marc:datafield tag="046" ind1=" " ind2=" ">
			<marc:subfield code="k">2018</marc:subfield>
			<marc:subfield code="2">edtf</marc:subfield>
		</marc:datafield>
		<marc:datafield tag="050" ind1=" " ind2="4">
			<marc:subfield code="a">M522.F76</marc:subfield>
			<marc:subfield code="b">H53 2018</marc:subfield>
		</marc:datafield>
		<marc:datafield tag="050" ind1=" " ind2="4">
			<marc:subfield code="a">M522.F766</marc:subfield>
			<marc:subfield code="b">H53 2018</marc:subfield>
		</marc:datafield>
		<marc:datafield tag="100" ind1="1" ind2=" ">
			<marc:subfield code="a">Froom, David,</marc:subfield>
			<marc:subfield code="d">1951-2022,</marc:subfield>
			<marc:subfield code="e">composer.</marc:subfield>
		</marc:datafield>
		<marc:datafield tag="245" ind1="1" ind2="0">
			<marc:subfield code="a">Hidden motives :</marc:subfield>
			<marc:subfield code="b">for flute, B♭ clarinet (doubling bass clarinet), violin, cello, and piano /</marc:subfield>
			<marc:subfield code="c">David Froom.</marc:subfield>
		</marc:datafield>
		<marc:datafield tag="264" ind1=" " ind2="1">
			<marc:subfield code="a">New York :</marc:subfield>
			<marc:subfield code="b">American Composers Alliance,</marc:subfield>
			<marc:subfield code="c">2018.</marc:subfield>
		</marc:datafield>
		<marc:datafield tag="264" ind1=" " ind2="4">
			<marc:subfield code="c">©2018</marc:subfield>
		</marc:datafield>
		<marc:datafield tag="300" ind1=" " ind2=" ">
			<marc:subfield code="a">1 score (55 pages) ;</marc:subfield>
			<marc:subfield code="c">31 cm</marc:subfield>
		</marc:datafield>
		<marc:datafield tag="306" ind1=" " ind2=" ">
			<marc:subfield code="a">001100</marc:subfield>
		</marc:datafield>
		<marc:datafield tag="336" ind1=" " ind2=" ">
			<marc:subfield code="a">notated music</marc:subfield>
			<marc:subfield code="b">ntm</marc:subfield>
			<marc:subfield code="2">rdacontent</marc:subfield>
		</marc:datafield>
		<marc:datafield tag="337" ind1=" " ind2=" ">
			<marc:subfield code="a">unmediated</marc:subfield>
			<marc:subfield code="b">n</marc:subfield>
			<marc:subfield code="2">rdamedia</marc:subfield>
		</marc:datafield>
		<marc:datafield tag="338" ind1=" " ind2=" ">
			<marc:subfield code="a">volume</marc:subfield>
			<marc:subfield code="b">nc</marc:subfield>
			<marc:subfield code="2">rdacarrier</marc:subfield>
		</marc:datafield>
		<marc:datafield tag="348" ind1=" " ind2=" ">
			<marc:subfield code="a">score</marc:subfield>
			<marc:subfield code="2">rdafnm</marc:subfield>
		</marc:datafield>
		<marc:datafield tag="382" ind1="0" ind2="1">
			<marc:subfield code="a">flute</marc:subfield>
			<marc:subfield code="n">1</marc:subfield>
			<marc:subfield code="a">clarinet</marc:subfield>
			<marc:subfield code="n">1</marc:subfield>
			<marc:subfield code="d">bass clarinet</marc:subfield>
			<marc:subfield code="n">1</marc:subfield>
			<marc:subfield code="a">violin</marc:subfield>
			<marc:subfield code="n">1</marc:subfield>
			<marc:subfield code="a">cello</marc:subfield>
			<marc:subfield code="n">1</marc:subfield>
			<marc:subfield code="a">piano</marc:subfield>
			<marc:subfield code="n">1</marc:subfield>
			<marc:subfield code="s">5</marc:subfield>
			<marc:subfield code="2">lcmpt</marc:subfield>
		</marc:datafield>
		<marc:datafield tag="490" ind1="1" ind2=" ">
			<marc:subfield code="a">American composers edition</marc:subfield>
		</marc:datafield>
		<marc:datafield tag="500" ind1=" " ind2=" ">
			<marc:subfield code="a">The music was composed to connect to an exhibition of work by Trevor Paglen at the Smithsonian American Art Museum.</marc:subfield>
		</marc:datafield>
		<marc:datafield tag="500" ind1=" " ind2=" ">
			<marc:subfield code="a">Program notes in English.</marc:subfield>
		</marc:datafield>
		<marc:datafield tag="500" ind1=" " ind2=" ">
			<marc:subfield code="a">Duration: approximately 11 min.</marc:subfield>
		</marc:datafield>
		<marc:datafield tag="500" ind1=" " ind2=" ">
			<marc:subfield code="a">Commissioned for the 21st Century Consort's 2018-2019 season by Andy and Janice Molchon to honor their 50th wedding anniversary. Dedicated to Andy and Janice Molchon.</marc:subfield>
		</marc:datafield>
		<marc:datafield tag="650" ind1=" " ind2="0">
			<marc:subfield code="a">Quintets (Piano, clarinet, flute, violin, cello)</marc:subfield>
			<marc:subfield code="v">Scores.</marc:subfield>
		</marc:datafield>
		<marc:datafield tag="650" ind1=" " ind2="6">
			<marc:subfield code="a">Quintettes (Piano, clarinette, flûte, violon, violoncelle)</marc:subfield>
			<marc:subfield code="0">(CaQQLa)201-0050845</marc:subfield>
			<marc:subfield code="v">Partitions.</marc:subfield>
			<marc:subfield code="0">(CaQQLa)201-0378141</marc:subfield>
		</marc:datafield>
		<marc:datafield tag="650" ind1=" " ind2="7">
			<marc:subfield code="a">Quintets (Piano, clarinet, flute, violin, cello)</marc:subfield>
			<marc:subfield code="x">Scores.</marc:subfield>
			<marc:subfield code="2">fast</marc:subfield>
			<marc:subfield code="0">(OCoLC)fst01906324</marc:subfield>
		</marc:datafield>
		<marc:datafield tag="655" ind1=" " ind2="7">
			<marc:subfield code="a">Chamber music.</marc:subfield>
			<marc:subfield code="2">fast</marc:subfield>
			<marc:subfield code="0">(OCoLC)fst01726551</marc:subfield>
		</marc:datafield>
		<marc:datafield tag="655" ind1=" " ind2="7">
			<marc:subfield code="a">Scores.</marc:subfield>
			<marc:subfield code="2">fast</marc:subfield>
			<marc:subfield code="0">(OCoLC)fst01692898</marc:subfield>
		</marc:datafield>
		<marc:datafield tag="655" ind1=" " ind2="7">
			<marc:subfield code="a">Chamber music.</marc:subfield>
			<marc:subfield code="2">lcgft</marc:subfield>
		</marc:datafield>
		<marc:datafield tag="655" ind1=" " ind2="7">
			<marc:subfield code="a">Scores.</marc:subfield>
			<marc:subfield code="2">lcgft</marc:subfield>
		</marc:datafield>
		<marc:datafield tag="655" ind1=" " ind2="7">
			<marc:subfield code="a">Musique de chambre.</marc:subfield>
			<marc:subfield code="2">rvmgf</marc:subfield>
			<marc:subfield code="0">(CaQQLa)RVMGF-000000719</marc:subfield>
		</marc:datafield>
		<marc:datafield tag="655" ind1=" " ind2="7">
			<marc:subfield code="a">Partitions (Musique)</marc:subfield>
			<marc:subfield code="2">rvmgf</marc:subfield>
			<marc:subfield code="0">(CaQQLa)RVMGF-000000816</marc:subfield>
		</marc:datafield>
		<marc:datafield tag="700" ind1="1" ind2=" ">
			<marc:subfield code="a">Molchon, Andy,</marc:subfield>
			<marc:subfield code="e">commissioning body,</marc:subfield>
			<marc:subfield code="e">dedicatee.</marc:subfield>
		</marc:datafield>
		<marc:datafield tag="700" ind1="1" ind2=" ">
			<marc:subfield code="a">Molchon, Janice,</marc:subfield>
			<marc:subfield code="e">commissioning body,</marc:subfield>
			<marc:subfield code="e">dedicatee.</marc:subfield>
		</marc:datafield>
		<marc:datafield tag="710" ind1="2" ind2=" ">
			<marc:subfield code="a">21st Century Consort.</marc:subfield>
		</marc:datafield>
		<marc:datafield tag="830" ind1=" " ind2="0">
			<marc:subfield code="a">American composers edition.</marc:subfield>
		</marc:datafield>
		<marc:datafield tag="938" ind1=" " ind2=" ">
			<marc:subfield code="a">Otto Harrassowitz</marc:subfield>
			<marc:subfield code="b">HARR</marc:subfield>
			<marc:subfield code="n">har185014929</marc:subfield>
		</marc:datafield>
		<marc:datafield tag="938" ind1=" " ind2=" ">
			<marc:subfield code="a">Theodore Front Musical Literature</marc:subfield>
			<marc:subfield code="b">TFRT</marc:subfield>
			<marc:subfield code="n">TF463608</marc:subfield>
		</marc:datafield>
	</marc:record>