
	<marc:record>
		<marc:leader>03246ccm a2200697Ii 4500</marc:leader>
		<marc:controlfield tag="001">807983332</marc:controlfield>
		<marc:controlfield tag="005">20220409010137.3</marc:controlfield>
		<marc:controlfield tag="008">120823t20121978it uul   h     n    zxx d</marc:controlfield>
		<marc:controlfield tag="007">qu</marc:controlfield>
		<marc:datafield tag="040" ind1=" " ind2=" ">
			<marc:subfield code="a">UAT</marc:subfield>
			<marc:subfield code="b">eng</marc:subfield>
			<marc:subfield code="e">rda</marc:subfield>
			<marc:subfield code="c">UAT</marc:subfield>
			<marc:subfield code="d">OCLCO</marc:subfield>
			<marc:subfield code="d">KLM</marc:subfield>
			<marc:subfield code="d">OCLCF</marc:subfield>
			<marc:subfield code="d">OCLCO</marc:subfield>
			<marc:subfield code="d">OCL</marc:subfield>
			<marc:subfield code="d">OCLCQ</marc:subfield>
			<marc:subfield code="d">OCLCO</marc:subfield>
			<marc:subfield code="d">COO</marc:subfield>
			<marc:subfield code="d">XFF</marc:subfield>
			<marc:subfield code="d">OCLCA</marc:subfield>
			<marc:subfield code="d">TFW</marc:subfield>
			<marc:subfield code="d">OCL</marc:subfield>
			<marc:subfield code="d">TJC</marc:subfield>
			<marc:subfield code="d">OCLCQ</marc:subfield>
			<marc:subfield code="d">OCLCO</marc:subfield>
			<marc:subfield code="d">OCLCQ</marc:subfield>
			<marc:subfield code="d">OCLCA</marc:subfield>
			<marc:subfield code="d">OCLCQ</marc:subfield>
			<marc:subfield code="d">TJCBL</marc:subfield>
			<marc:subfield code="d">OCLCQ</marc:subfield>
			<marc:subfield code="d">OCLCO</marc:subfield>
		</marc:datafield>
		<marc:datafield tag="024" ind1="2" ind2=" ">
			<marc:subfield code="a">9790041394275</marc:subfield>
		</marc:datafield>
		<marc:datafield tag="028" ind1="2" ind2="2">
			<marc:subfield code="a">139427</marc:subfield>
			<marc:subfield code="b">Ricordi</marc:subfield>
		</marc:datafield>
		<marc:datafield tag="028" ind1="3" ind2="2">
			<marc:subfield code="a">NR 139427</marc:subfield>
			<marc:subfield code="b">Ricordi</marc:subfield>
		</marc:datafield>
		<marc:datafield tag="028" ind1="3" ind2="2">
			<marc:subfield code="a">NR 13942700</marc:subfield>
			<marc:subfield code="b">Ricordi</marc:subfield>
		</marc:datafield>
		<marc:datafield tag="028" ind1="6" ind2="2">
			<marc:subfield code="a">50484727</marc:subfield>
			<marc:subfield code="b">Hal Leonard</marc:subfield>
		</marc:datafield>
		<marc:datafield tag="041" ind1="0" ind2=" ">
			<marc:subfield code="g">eng</marc:subfield>
			<marc:subfield code="g">fre</marc:subfield>
			<marc:subfield code="g">ita</marc:subfield>
		</marc:datafield>
		<marc:datafield tag="048" ind1=" " ind2=" ">
			<marc:subfield code="a">oz</marc:subfield>
		</marc:datafield>
		<marc:datafield tag="050" ind1=" " ind2="4">
			<marc:subfield code="a">M947.G75</marc:subfield>
			<marc:subfield code="b">E86 1978</marc:subfield>
		</marc:datafield>
		<marc:datafield tag="100" ind1="1" ind2=" ">
			<marc:subfield code="a">Grisey, Gérard,</marc:subfield>
			<marc:subfield code="e">composer.</marc:subfield>
		</marc:datafield>
		<marc:datafield tag="240" ind1="1" ind2="0">
			<marc:subfield code="a">Espaces acoustiques.</marc:subfield>
			<marc:subfield code="p">Modulations</marc:subfield>
		</marc:datafield>
		<marc:datafield tag="245" ind1="1" ind2="0">
			<marc:subfield code="a">Modulations :</marc:subfield>
			<marc:subfield code="b">pour 33 musiciens /</marc:subfield>
			<marc:subfield code="c">Gérard Grisey.</marc:subfield>
		</marc:datafield>
		<marc:datafield tag="250" ind1=" " ind2=" ">
			<marc:subfield code="a">Partitura.</marc:subfield>
		</marc:datafield>
		<marc:datafield tag="264" ind1=" " ind2="1">
			<marc:subfield code="a">Milano :</marc:subfield>
			<marc:subfield code="b">Ricordi,</marc:subfield>
			<marc:subfield code="c">[2012?]</marc:subfield>
		</marc:datafield>
		<marc:datafield tag="264" ind1=" " ind2="2">
			<marc:subfield code="a">[Place of distribution not identified] :</marc:subfield>
			<marc:subfield code="b">Exclusively distributed by Hal Leonard MGB.</marc:subfield>
		</marc:datafield>
		<marc:datafield tag="264" ind1=" " ind2="4">
			<marc:subfield code="c">©1978</marc:subfield>
		</marc:datafield>
		<marc:datafield tag="300" ind1=" " ind2=" ">
			<marc:subfield code="a">1 study score (8 unnumbered pages, 59 pages) ;</marc:subfield>
			<marc:subfield code="c">42 cm</marc:subfield>
		</marc:datafield>
		<marc:datafield tag="306" ind1=" " ind2=" ">
			<marc:subfield code="a">001900</marc:subfield>
		</marc:datafield>
		<marc:datafield tag="336" ind1=" " ind2=" ">
			<marc:subfield code="a">notated music</marc:subfield>
			<marc:subfield code="b">ntm</marc:subfield>
			<marc:subfield code="2">rdacontent</marc:subfield>
		</marc:datafield>
		<marc:datafield tag="337" ind1=" " ind2=" ">
			<marc:subfield code="a">unmediated</marc:subfield>
			<marc:subfield code="b">n</marc:subfield>
			<marc:subfield code="2">rdamedia</marc:subfield>
		</marc:datafield>
		<marc:datafield tag="338" ind1=" " ind2=" ">
			<marc:subfield code="a">volume</marc:subfield>
			<marc:subfield code="b">nc</marc:subfield>
			<marc:subfield code="2">rdacarrier</marc:subfield>
		</marc:datafield>
		<marc:datafield tag="348" ind1=" " ind2=" ">
			<marc:subfield code="a">score</marc:subfield>
			<marc:subfield code="2">rdafnm</marc:subfield>
		</marc:datafield>
		<marc:datafield tag="382" ind1="0" ind2="1">
			<marc:subfield code="a">flute</marc:subfield>
			<marc:subfield code="n">2</marc:subfield>
			<marc:subfield code="a">oboe</marc:subfield>
			<marc:subfield code="n">2</marc:subfield>
			<marc:subfield code="a">clarinet</marc:subfield>
			<marc:subfield code="n">2</marc:subfield>
			<marc:subfield code="a">bass clarinet</marc:subfield>
			<marc:subfield code="n">1</marc:subfield>
			<marc:subfield code="a">bassoon</marc:subfield>
			<marc:subfield code="n">2</marc:subfield>
			<marc:subfield code="a">trumpet</marc:subfield>
			<marc:subfield code="n">2</marc:subfield>
			<marc:subfield code="a">horn</marc:subfield>
			<marc:subfield code="a">trombone</marc:subfield>
			<marc:subfield code="n">2</marc:subfield>
			<marc:subfield code="a">tuba</marc:subfield>
			<marc:subfield code="n">1</marc:subfield>
			<marc:subfield code="a">pedal harp</marc:subfield>
			<marc:subfield code="n">1</marc:subfield>
			<marc:subfield code="a">electronic organ</marc:subfield>
			<marc:subfield code="n">1</marc:subfield>
			<marc:subfield code="d">piano</marc:subfield>
			<marc:subfield code="n">1</marc:subfield>
			<marc:subfield code="d">celesta</marc:subfield>
			<marc:subfield code="n">1</marc:subfield>
			<marc:subfield code="a">percussion</marc:subfield>
			<marc:subfield code="n">3</marc:subfield>
			<marc:subfield code="a">violin</marc:subfield>
			<marc:subfield code="n">5</marc:subfield>
			<marc:subfield code="a">viola</marc:subfield>
			<marc:subfield code="n">3</marc:subfield>
			<marc:subfield code="a">cello</marc:subfield>
			<marc:subfield code="n">2</marc:subfield>
			<marc:subfield code="a">double bass</marc:subfield>
			<marc:subfield code="n">2</marc:subfield>
			<marc:subfield code="s">33</marc:subfield>
			<marc:subfield code="2">lcmpt</marc:subfield>
		</marc:datafield>
		<marc:datafield tag="500" ind1=" " ind2=" ">
			<marc:subfield code="a">For 2 flutes, 2 oboes, 2 clarinets, bass clarinet, 2 bassoons, 2 trumpets in C, 2 horns in F, 2 trombones, tuba, harp, Hammond organ (doubling piano and celesta), 3 percussionists, 5 violins, 3 violas, 2 cellos and 2 double basses.</marc:subfield>
		</marc:datafield>
		<marc:datafield tag="500" ind1=" " ind2=" ">
			<marc:subfield code="a">&quot;Pour Olivier Messiaen&quot;--Page 1.</marc:subfield>
		</marc:datafield>
		<marc:datafield tag="500" ind1=" " ind2=" ">
			<marc:subfield code="a">Includes graphic notation.</marc:subfield>
		</marc:datafield>
		<marc:datafield tag="500" ind1=" " ind2=" ">
			<marc:subfield code="a">Reproduced from manuscript.</marc:subfield>
		</marc:datafield>
		<marc:datafield tag="500" ind1=" " ind2=" ">
			<marc:subfield code="a">Performance notes in Italian, English and French.</marc:subfield>
		</marc:datafield>
		<marc:datafield tag="546" ind1=" " ind2=" ">
			<marc:subfield code="b">Staff notation;</marc:subfield>
			<marc:subfield code="b">Graphic notation.</marc:subfield>
		</marc:datafield>
		<marc:datafield tag="500" ind1=" " ind2=" ">
			<marc:subfield code="a">Duration: 19 min.</marc:subfield>
		</marc:datafield>
		<marc:datafield tag="650" ind1=" " ind2="0">
			<marc:subfield code="a">Instrumental ensembles</marc:subfield>
			<marc:subfield code="v">Scores.</marc:subfield>
		</marc:datafield>
		<marc:datafield tag="650" ind1=" " ind2="0">
			<marc:subfield code="a">Chamber orchestra music</marc:subfield>
			<marc:subfield code="v">Scores.</marc:subfield>
		</marc:datafield>
		<marc:datafield tag="650" ind1=" " ind2="0">
			<marc:subfield code="a">Music</marc:subfield>
			<marc:subfield code="x">Manuscripts</marc:subfield>
			<marc:subfield code="v">Facsimiles.</marc:subfield>
		</marc:datafield>
		<marc:datafield tag="650" ind1=" " ind2="6">
			<marc:subfield code="a">Ensembles instrumentaux</marc:subfield>
			<marc:subfield code="0">(CaQQLa)201-0007616</marc:subfield>
			<marc:subfield code="v">Partitions.</marc:subfield>
			<marc:subfield code="0">(CaQQLa)201-0378141</marc:subfield>
		</marc:datafield>
		<marc:datafield tag="650" ind1=" " ind2="6">
			<marc:subfield code="a">Orchestre de chambre, Musique d'</marc:subfield>
			<marc:subfield code="0">(CaQQLa)201-0018541</marc:subfield>
			<marc:subfield code="v">Partitions.</marc:subfield>
			<marc:subfield code="0">(CaQQLa)201-0378141</marc:subfield>
		</marc:datafield>
		<marc:datafield tag="650" ind1=" " ind2="6">
			<marc:subfield code="a">Musique</marc:subfield>
			<marc:subfield code="v">Manuscrits</marc:subfield>
			<marc:subfield code="v">Fac-similés.</marc:subfield>
			<marc:subfield code="0">(CaQQLa)000328139</marc:subfield>
		</marc:datafield>
		<marc:datafield tag="650" ind1=" " ind2="7">
			<marc:subfield code="a">Chamber orchestra music</marc:subfield>
			<marc:subfield code="x">Scores.</marc:subfield>
			<marc:subfield code="2">fast</marc:subfield>
			<marc:subfield code="0">(OCoLC)fst01905415</marc:subfield>
		</marc:datafield>
		<marc:datafield tag="650" ind1=" " ind2="7">
			<marc:subfield code="a">Instrumental ensembles</marc:subfield>
			<marc:subfield code="x">Scores.</marc:subfield>
			<marc:subfield code="2">fast</marc:subfield>
			<marc:subfield code="0">(OCoLC)fst01905827</marc:subfield>
		</marc:datafield>
		<marc:datafield tag="650" ind1=" " ind2="7">
			<marc:subfield code="a">Music.</marc:subfield>
			<marc:subfield code="2">fast</marc:subfield>
			<marc:subfield code="0">(OCoLC)fst01030269</marc:subfield>
		</marc:datafield>
		<marc:datafield tag="655" ind1=" " ind2="7">
			<marc:subfield code="a">facsimiles (reproductions)</marc:subfield>
			<marc:subfield code="2">aat</marc:subfield>
			<marc:subfield code="0">(CStmoGRI)aatgf300121391</marc:subfield>
		</marc:datafield>
		<marc:datafield tag="655" ind1=" " ind2="7">
			<marc:subfield code="a">Scores.</marc:subfield>
			<marc:subfield code="2">fast</marc:subfield>
			<marc:subfield code="0">(OCoLC)fst01692898</marc:subfield>
		</marc:datafield>
		<marc:datafield tag="655" ind1=" " ind2="7">
			<marc:subfield code="a">Art music.</marc:subfield>
			<marc:subfield code="2">fast</marc:subfield>
			<marc:subfield code="0">(OCoLC)fst01920007</marc:subfield>
		</marc:datafield>
		<marc:datafield tag="655" ind1=" " ind2="7">
			<marc:subfield code="a">Facsimiles.</marc:subfield>
			<marc:subfield code="2">fast</marc:subfield>
			<marc:subfield code="0">(OCoLC)fst01411642</marc:subfield>
		</marc:datafield>
		<marc:datafield tag="655" ind1=" " ind2="7">
			<marc:subfield code="a">Manuscripts.</marc:subfield>
			<marc:subfield code="2">fast</marc:subfield>
			<marc:subfield code="0">(OCoLC)fst01424060</marc:subfield>
		</marc:datafield>
		<marc:datafield tag="655" ind1=" " ind2="7">
			<marc:subfield code="a">Art music.</marc:subfield>
			<marc:subfield code="2">lcgft</marc:subfield>
		</marc:datafield>
		<marc:datafield tag="655" ind1=" " ind2="7">
			<marc:subfield code="a">Scores.</marc:subfield>
			<marc:subfield code="2">lcgft</marc:subfield>
		</marc:datafield>
		<marc:datafield tag="655" ind1=" " ind2="7">
			<marc:subfield code="a">Facsimiles.</marc:subfield>
			<marc:subfield code="2">lcgft</marc:subfield>
		</marc:datafield>
		<marc:datafield tag="655" ind1=" " ind2="7">
			<marc:subfield code="a">Musique savante.</marc:subfield>
			<marc:subfield code="2">rvmgf</marc:subfield>
			<marc:subfield code="0">(CaQQLa)RVMGF-000000692</marc:subfield>
		</marc:datafield>
		<marc:datafield tag="655" ind1=" " ind2="7">
			<marc:subfield code="a">Partitions (Musique)</marc:subfield>
			<marc:subfield code="2">rvmgf</marc:subfield>
			<marc:subfield code="0">(CaQQLa)RVMGF-000000816</marc:subfield>
		</marc:datafield>
		<marc:datafield tag="655" ind1=" " ind2="7">
			<marc:subfield code="a">Fac-similés.</marc:subfield>
			<marc:subfield code="2">rvmgf</marc:subfield>
			<marc:subfield code="0">(CaQQLa)RVMGF-000000444</marc:subfield>
		</marc:datafield>
		<marc:datafield tag="700" ind1="1" ind2=" ">
			<marc:subfield code="a">Messiaen, Olivier,</marc:subfield>
			<marc:subfield code="d">1908-1992,</marc:subfield>
			<marc:subfield code="e">dedicatee.</marc:subfield>
		</marc:datafield>
		<marc:datafield tag="029" ind1="1" ind2=" ">
			<marc:subfield code="a">NZ1</marc:subfield>
			<marc:subfield code="b">15519744</marc:subfield>
		</marc:datafield>
	</marc:record>