
	<marc:record>
		<marc:leader>02372ccm a2200541I  4500</marc:leader>
		<marc:controlfield tag="001">8153868</marc:controlfield>
		<marc:controlfield tag="008">820212s1966    gw snae        n    zxx d</marc:controlfield>
		<marc:controlfield tag="005">20220413102025.0</marc:controlfield>
		<marc:datafield tag="040" ind1=" " ind2=" ">
			<marc:subfield code="a">RCE</marc:subfield>
			<marc:subfield code="b">eng</marc:subfield>
			<marc:subfield code="c">RCE</marc:subfield>
			<marc:subfield code="d">OCL</marc:subfield>
			<marc:subfield code="d">OCLCG</marc:subfield>
			<marc:subfield code="d">OCLCQ</marc:subfield>
			<marc:subfield code="d">OCLCF</marc:subfield>
			<marc:subfield code="d">OCLCO</marc:subfield>
			<marc:subfield code="d">OCLCQ</marc:subfield>
			<marc:subfield code="d">P4A</marc:subfield>
			<marc:subfield code="d">XFF</marc:subfield>
			<marc:subfield code="d">OCL</marc:subfield>
			<marc:subfield code="d">OCLCO</marc:subfield>
		</marc:datafield>
		<marc:datafield tag="019" ind1=" " ind2=" ">
			<marc:subfield code="a">77648970</marc:subfield>
			<marc:subfield code="a">1057086486</marc:subfield>
		</marc:datafield>
		<marc:datafield tag="041" ind1="0" ind2=" ">
			<marc:subfield code="g">ger</marc:subfield>
			<marc:subfield code="g">eng</marc:subfield>
		</marc:datafield>
		<marc:datafield tag="045" ind1=" " ind2=" ">
			<marc:subfield code="a">v5v8</marc:subfield>
		</marc:datafield>
		<marc:datafield tag="048" ind1=" " ind2=" ">
			<marc:subfield code="a">sa01</marc:subfield>
			<marc:subfield code="a">ka01</marc:subfield>
		</marc:datafield>
		<marc:datafield tag="048" ind1=" " ind2=" ">
			<marc:subfield code="a">wa01</marc:subfield>
			<marc:subfield code="a">ka01</marc:subfield>
		</marc:datafield>
		<marc:datafield tag="050" ind1=" " ind2="4">
			<marc:subfield code="a">M2</marc:subfield>
			<marc:subfield code="b">.N25 no.103</marc:subfield>
		</marc:datafield>
		<marc:datafield tag="100" ind1="1" ind2=" ">
			<marc:subfield code="a">Bach, Johann Christian,</marc:subfield>
			<marc:subfield code="d">1735-1782.</marc:subfield>
		</marc:datafield>
		<marc:datafield tag="240" ind1="1" ind2="0">
			<marc:subfield code="a">Sonatas,</marc:subfield>
			<marc:subfield code="m">flute, keyboard instrument,</marc:subfield>
			<marc:subfield code="n">W. B 10-15.</marc:subfield>
			<marc:subfield code="n">No. 4</marc:subfield>
		</marc:datafield>
		<marc:datafield tag="245" ind1="1" ind2="0">
			<marc:subfield code="a">Sonate, A Dur, für Violine (Flöte) und Klavier /</marc:subfield>
			<marc:subfield code="c">Johann Christian Bach ; herausgegeben von Albert Küster.</marc:subfield>
		</marc:datafield>
		<marc:datafield tag="246" ind1="3" ind2="6">
			<marc:subfield code="a">Sonate A Dur, op. XVI, 4</marc:subfield>
		</marc:datafield>
		<marc:datafield tag="260" ind1=" " ind2=" ">
			<marc:subfield code="a">Kassel :</marc:subfield>
			<marc:subfield code="b">Nagels Verlag,</marc:subfield>
			<marc:subfield code="c">[©1966]</marc:subfield>
		</marc:datafield>
		<marc:datafield tag="300" ind1=" " ind2=" ">
			<marc:subfield code="a">1 score (7 pages) + 1 part (2 pages) ;</marc:subfield>
			<marc:subfield code="c">31 cm.</marc:subfield>
		</marc:datafield>
		<marc:datafield tag="336" ind1=" " ind2=" ">
			<marc:subfield code="a">notated music</marc:subfield>
			<marc:subfield code="b">ntm</marc:subfield>
			<marc:subfield code="2">rdacontent</marc:subfield>
		</marc:datafield>
		<marc:datafield tag="337" ind1=" " ind2=" ">
			<marc:subfield code="a">unmediated</marc:subfield>
			<marc:subfield code="b">n</marc:subfield>
			<marc:subfield code="2">rdamedia</marc:subfield>
		</marc:datafield>
		<marc:datafield tag="338" ind1=" " ind2=" ">
			<marc:subfield code="a">volume</marc:subfield>
			<marc:subfield code="b">nc</marc:subfield>
			<marc:subfield code="2">rdacarrier</marc:subfield>
		</marc:datafield>
		<marc:datafield tag="382" ind1="0" ind2="1">
			<marc:subfield code="a">violin</marc:subfield>
			<marc:subfield code="n">1</marc:subfield>
			<marc:subfield code="p">flute</marc:subfield>
			<marc:subfield code="n">1</marc:subfield>
			<marc:subfield code="a">piano</marc:subfield>
			<marc:subfield code="n">1</marc:subfield>
			<marc:subfield code="s">2</marc:subfield>
			<marc:subfield code="2">lcmpt</marc:subfield>
		</marc:datafield>
		<marc:datafield tag="490" ind1="1" ind2=" ">
			<marc:subfield code="a">Nagels Musik-Archiv ;</marc:subfield>
			<marc:subfield code="v">Nr. 103</marc:subfield>
		</marc:datafield>
		<marc:datafield tag="500" ind1=" " ind2=" ">
			<marc:subfield code="a">For violin or flute and piano.</marc:subfield>
		</marc:datafield>
		<marc:datafield tag="500" ind1=" " ind2=" ">
			<marc:subfield code="a">Includes editorial notes in German and English by Albert Küster.</marc:subfield>
		</marc:datafield>
		<marc:datafield tag="650" ind1=" " ind2="0">
			<marc:subfield code="a">Sonatas (Violin and piano)</marc:subfield>
			<marc:subfield code="v">Scores and parts.</marc:subfield>
		</marc:datafield>
		<marc:datafield tag="650" ind1=" " ind2="0">
			<marc:subfield code="a">Sonatas (Flute and piano)</marc:subfield>
			<marc:subfield code="v">Scores and parts.</marc:subfield>
		</marc:datafield>
		<marc:datafield tag="650" ind1=" " ind2="6">
			<marc:subfield code="a">Sonates (Violon et piano)</marc:subfield>
			<marc:subfield code="0">(CaQQLa)201-0052537</marc:subfield>
			<marc:subfield code="v">Partitions et parties.</marc:subfield>
			<marc:subfield code="0">(CaQQLa)201-0377154</marc:subfield>
		</marc:datafield>
		<marc:datafield tag="650" ind1=" " ind2="6">
			<marc:subfield code="a">Sonates (Flûte et piano)</marc:subfield>
			<marc:subfield code="0">(CaQQLa)201-0052482</marc:subfield>
			<marc:subfield code="v">Partitions et parties.</marc:subfield>
			<marc:subfield code="0">(CaQQLa)201-0377154</marc:subfield>
		</marc:datafield>
		<marc:datafield tag="650" ind1=" " ind2="7">
			<marc:subfield code="a">Sonatas (Flute and piano)</marc:subfield>
			<marc:subfield code="x">Scores and parts.</marc:subfield>
			<marc:subfield code="2">fast</marc:subfield>
			<marc:subfield code="0">(OCoLC)fst01906438</marc:subfield>
		</marc:datafield>
		<marc:datafield tag="650" ind1=" " ind2="7">
			<marc:subfield code="a">Sonatas (Violin and piano)</marc:subfield>
			<marc:subfield code="x">Scores and parts.</marc:subfield>
			<marc:subfield code="2">fast</marc:subfield>
			<marc:subfield code="0">(OCoLC)fst01906455</marc:subfield>
		</marc:datafield>
		<marc:datafield tag="655" ind1=" " ind2="7">
			<marc:subfield code="a">Sonatas.</marc:subfield>
			<marc:subfield code="2">fast</marc:subfield>
			<marc:subfield code="0">(OCoLC)fst01920363</marc:subfield>
		</marc:datafield>
		<marc:datafield tag="655" ind1=" " ind2="7">
			<marc:subfield code="a">Scores.</marc:subfield>
			<marc:subfield code="2">fast</marc:subfield>
			<marc:subfield code="0">(OCoLC)fst01692898</marc:subfield>
		</marc:datafield>
		<marc:datafield tag="655" ind1=" " ind2="7">
			<marc:subfield code="a">Parts (Music)</marc:subfield>
			<marc:subfield code="2">fast</marc:subfield>
			<marc:subfield code="0">(OCoLC)fst01692889</marc:subfield>
		</marc:datafield>
		<marc:datafield tag="655" ind1=" " ind2="7">
			<marc:subfield code="a">Chamber music.</marc:subfield>
			<marc:subfield code="2">fast</marc:subfield>
			<marc:subfield code="0">(OCoLC)fst01726551</marc:subfield>
		</marc:datafield>
		<marc:datafield tag="655" ind1=" " ind2="7">
			<marc:subfield code="a">Sonatas.</marc:subfield>
			<marc:subfield code="2">lcgft</marc:subfield>
		</marc:datafield>
		<marc:datafield tag="655" ind1=" " ind2="7">
			<marc:subfield code="a">Chamber music.</marc:subfield>
			<marc:subfield code="2">lcgft</marc:subfield>
		</marc:datafield>
		<marc:datafield tag="655" ind1=" " ind2="7">
			<marc:subfield code="a">Scores.</marc:subfield>
			<marc:subfield code="2">lcgft</marc:subfield>
		</marc:datafield>
		<marc:datafield tag="655" ind1=" " ind2="7">
			<marc:subfield code="a">Parts (Music)</marc:subfield>
			<marc:subfield code="2">lcgft</marc:subfield>
		</marc:datafield>
		<marc:datafield tag="655" ind1=" " ind2="7">
			<marc:subfield code="a">Sonates.</marc:subfield>
			<marc:subfield code="2">rvmgf</marc:subfield>
			<marc:subfield code="0">(CaQQLa)RVMGF-000000750</marc:subfield>
		</marc:datafield>
		<marc:datafield tag="655" ind1=" " ind2="7">
			<marc:subfield code="a">Musique de chambre.</marc:subfield>
			<marc:subfield code="2">rvmgf</marc:subfield>
			<marc:subfield code="0">(CaQQLa)RVMGF-000000719</marc:subfield>
		</marc:datafield>
		<marc:datafield tag="655" ind1=" " ind2="7">
			<marc:subfield code="a">Partitions (Musique)</marc:subfield>
			<marc:subfield code="2">rvmgf</marc:subfield>
			<marc:subfield code="0">(CaQQLa)RVMGF-000000816</marc:subfield>
		</marc:datafield>
		<marc:datafield tag="655" ind1=" " ind2="7">
			<marc:subfield code="a">Parties (Musique)</marc:subfield>
			<marc:subfield code="2">rvmgf</marc:subfield>
			<marc:subfield code="0">(CaQQLa)RVMGF-000000815</marc:subfield>
		</marc:datafield>
		<marc:datafield tag="700" ind1="1" ind2=" ">
			<marc:subfield code="a">Küster, Albert,</marc:subfield>
			<marc:subfield code="e">editor.</marc:subfield>
		</marc:datafield>
		<marc:datafield tag="830" ind1=" " ind2="0">
			<marc:subfield code="a">Nagels Musik-Archiv ;</marc:subfield>
			<marc:subfield code="v">103.</marc:subfield>
		</marc:datafield>
	</marc:record>