
	<marc:record>
		<marc:leader>02329ccm a2200529 a 4500</marc:leader>
		<marc:controlfield tag="001">457771332</marc:controlfield>
		<marc:controlfield tag="008">091021s2002    fluzza   ehi   n    eng d</marc:controlfield>
		<marc:controlfield tag="005">20221220141721.5</marc:controlfield>
		<marc:datafield tag="040" ind1=" " ind2=" ">
			<marc:subfield code="a">NUI</marc:subfield>
			<marc:subfield code="b">eng</marc:subfield>
			<marc:subfield code="c">NUI</marc:subfield>
			<marc:subfield code="d">NUI</marc:subfield>
			<marc:subfield code="d">OCLCQ</marc:subfield>
			<marc:subfield code="d">XFF</marc:subfield>
			<marc:subfield code="d">OCLCO</marc:subfield>
			<marc:subfield code="d">OCLCF</marc:subfield>
			<marc:subfield code="d">OCLCO</marc:subfield>
			<marc:subfield code="d">OCLCQ</marc:subfield>
		</marc:datafield>
		<marc:datafield tag="028" ind1="3" ind2="2">
			<marc:subfield code="a">B372</marc:subfield>
			<marc:subfield code="b">Brixton Publications</marc:subfield>
		</marc:datafield>
		<marc:datafield tag="041" ind1="0" ind2=" ">
			<marc:subfield code="a">eng</marc:subfield>
			<marc:subfield code="g">eng</marc:subfield>
		</marc:datafield>
		<marc:datafield tag="045" ind1="0" ind2=" ">
			<marc:subfield code="b">d2001</marc:subfield>
		</marc:datafield>
		<marc:datafield tag="046" ind1=" " ind2=" ">
			<marc:subfield code="k">2001</marc:subfield>
			<marc:subfield code="2">edtf</marc:subfield>
		</marc:datafield>
		<marc:datafield tag="048" ind1=" " ind2=" ">
			<marc:subfield code="a">sa01</marc:subfield>
			<marc:subfield code="a">bd01</marc:subfield>
		</marc:datafield>
		<marc:datafield tag="048" ind1=" " ind2=" ">
			<marc:subfield code="a">sa01</marc:subfield>
			<marc:subfield code="a">wd01</marc:subfield>
		</marc:datafield>
		<marc:datafield tag="050" ind1=" " ind2="4">
			<marc:subfield code="a">M291.B88</marc:subfield>
			<marc:subfield code="b">F32 2002</marc:subfield>
		</marc:datafield>
		<marc:datafield tag="100" ind1="1" ind2=" ">
			<marc:subfield code="a">Buss, Howard J.</marc:subfield>
		</marc:datafield>
		<marc:datafield tag="245" ind1="1" ind2="0">
			<marc:subfield code="a">Fables from Aesop :</marc:subfield>
			<marc:subfield code="b">for violin and trombone (or bassoon) /</marc:subfield>
			<marc:subfield code="c">Howard J. Buss.</marc:subfield>
		</marc:datafield>
		<marc:datafield tag="260" ind1=" " ind2=" ">
			<marc:subfield code="a">Lakeland, Fla. :</marc:subfield>
			<marc:subfield code="b">Brixton Publications,</marc:subfield>
			<marc:subfield code="c">©2002.</marc:subfield>
		</marc:datafield>
		<marc:datafield tag="300" ind1=" " ind2=" ">
			<marc:subfield code="a">2 scores (18 pages each) ;</marc:subfield>
			<marc:subfield code="c">28 cm</marc:subfield>
		</marc:datafield>
		<marc:datafield tag="306" ind1=" " ind2=" ">
			<marc:subfield code="a">001300</marc:subfield>
		</marc:datafield>
		<marc:datafield tag="336" ind1=" " ind2=" ">
			<marc:subfield code="a">notated music</marc:subfield>
			<marc:subfield code="b">ntm</marc:subfield>
			<marc:subfield code="2">rdacontent</marc:subfield>
		</marc:datafield>
		<marc:datafield tag="337" ind1=" " ind2=" ">
			<marc:subfield code="a">unmediated</marc:subfield>
			<marc:subfield code="b">n</marc:subfield>
			<marc:subfield code="2">rdamedia</marc:subfield>
		</marc:datafield>
		<marc:datafield tag="338" ind1=" " ind2=" ">
			<marc:subfield code="a">volume</marc:subfield>
			<marc:subfield code="b">nc</marc:subfield>
			<marc:subfield code="2">rdacarrier</marc:subfield>
		</marc:datafield>
		<marc:datafield tag="348" ind1=" " ind2=" ">
			<marc:subfield code="a">score</marc:subfield>
			<marc:subfield code="2">rdafnm</marc:subfield>
		</marc:datafield>
		<marc:datafield tag="382" ind1="0" ind2="1">
			<marc:subfield code="a">trombone</marc:subfield>
			<marc:subfield code="n">1</marc:subfield>
			<marc:subfield code="p">bassoon</marc:subfield>
			<marc:subfield code="n">1</marc:subfield>
			<marc:subfield code="a">violin</marc:subfield>
			<marc:subfield code="n">1</marc:subfield>
			<marc:subfield code="s">2</marc:subfield>
			<marc:subfield code="2">lcmpt</marc:subfield>
		</marc:datafield>
		<marc:datafield tag="382" ind1="0" ind2="1">
			<marc:subfield code="a">speaker</marc:subfield>
			<marc:subfield code="n">1</marc:subfield>
			<marc:subfield code="a">trombone</marc:subfield>
			<marc:subfield code="n">1</marc:subfield>
			<marc:subfield code="p">bassoon</marc:subfield>
			<marc:subfield code="n">1</marc:subfield>
			<marc:subfield code="a">violin</marc:subfield>
			<marc:subfield code="n">1</marc:subfield>
			<marc:subfield code="s">3</marc:subfield>
			<marc:subfield code="2">lcmpt</marc:subfield>
		</marc:datafield>
		<marc:datafield tag="500" ind1=" " ind2=" ">
			<marc:subfield code="a">Cover title.</marc:subfield>
		</marc:datafield>
		<marc:datafield tag="500" ind1=" " ind2=" ">
			<marc:subfield code="a">&quot;Each of the five movements begin with a performer reciting the corresponding fable&quot;--Preface</marc:subfield>
		</marc:datafield>
		<marc:datafield tag="500" ind1=" " ind2=" ">
			<marc:subfield code="a">Duration: 13:00.</marc:subfield>
		</marc:datafield>
		<marc:datafield tag="500" ind1=" " ind2=" ">
			<marc:subfield code="a">Includes program notes by the composer and biographical information on the composer, page 2 of cover.</marc:subfield>
		</marc:datafield>
		<marc:datafield tag="505" ind1="0" ind2=" ">
			<marc:subfield code="a">The dog who chased a lion -- The astronomer -- The camel who wanted horns -- The crow and the pitcher -- The rabbits and the frogs.</marc:subfield>
		</marc:datafield>
		<marc:datafield tag="650" ind1=" " ind2="0">
			<marc:subfield code="a">Trombone and violin music</marc:subfield>
			<marc:subfield code="v">Scores.</marc:subfield>
		</marc:datafield>
		<marc:datafield tag="650" ind1=" " ind2="0">
			<marc:subfield code="a">Bassoon and violin music</marc:subfield>
			<marc:subfield code="v">Scores.</marc:subfield>
		</marc:datafield>
		<marc:datafield tag="650" ind1=" " ind2="0">
			<marc:subfield code="a">Monologues with music (Trombone with violin)</marc:subfield>
			<marc:subfield code="v">Scores.</marc:subfield>
		</marc:datafield>
		<marc:datafield tag="650" ind1=" " ind2="0">
			<marc:subfield code="a">Monologues with music (Bassoon with violin)</marc:subfield>
			<marc:subfield code="v">Scores.</marc:subfield>
		</marc:datafield>
		<marc:datafield tag="650" ind1=" " ind2="6">
			<marc:subfield code="a">Trombone et violon, Musique de</marc:subfield>
			<marc:subfield code="0">(CaQQLa)201-0395352</marc:subfield>
			<marc:subfield code="v">Partitions.</marc:subfield>
			<marc:subfield code="0">(CaQQLa)201-0378141</marc:subfield>
		</marc:datafield>
		<marc:datafield tag="650" ind1=" " ind2="6">
			<marc:subfield code="a">Basson et violon, Musique de</marc:subfield>
			<marc:subfield code="0">(CaQQLa)201-0363153</marc:subfield>
			<marc:subfield code="v">Partitions.</marc:subfield>
			<marc:subfield code="0">(CaQQLa)201-0378141</marc:subfield>
		</marc:datafield>
		<marc:datafield tag="655" ind1=" " ind2="7">
			<marc:subfield code="a">Chamber music.</marc:subfield>
			<marc:subfield code="2">fast</marc:subfield>
			<marc:subfield code="0">(OCoLC)fst01726551</marc:subfield>
		</marc:datafield>
		<marc:datafield tag="655" ind1=" " ind2="7">
			<marc:subfield code="a">Monologues (Music)</marc:subfield>
			<marc:subfield code="2">fast</marc:subfield>
			<marc:subfield code="0">(OCoLC)fst01939835</marc:subfield>
		</marc:datafield>
		<marc:datafield tag="655" ind1=" " ind2="7">
			<marc:subfield code="a">Scores.</marc:subfield>
			<marc:subfield code="2">fast</marc:subfield>
			<marc:subfield code="0">(OCoLC)fst01692898</marc:subfield>
		</marc:datafield>
		<marc:datafield tag="655" ind1=" " ind2="7">
			<marc:subfield code="a">Scores.</marc:subfield>
			<marc:subfield code="2">lcgft</marc:subfield>
		</marc:datafield>
		<marc:datafield tag="655" ind1=" " ind2="7">
			<marc:subfield code="a">Chamber music.</marc:subfield>
			<marc:subfield code="2">lcgft</marc:subfield>
		</marc:datafield>
		<marc:datafield tag="655" ind1=" " ind2="7">
			<marc:subfield code="a">Monologues (Music)</marc:subfield>
			<marc:subfield code="2">lcgft</marc:subfield>
		</marc:datafield>
		<marc:datafield tag="655" ind1=" " ind2="7">
			<marc:subfield code="a">Partitions (Musique)</marc:subfield>
			<marc:subfield code="2">rvmgf</marc:subfield>
			<marc:subfield code="0">(CaQQLa)RVMGF-000000816</marc:subfield>
		</marc:datafield>
		<marc:datafield tag="655" ind1=" " ind2="7">
			<marc:subfield code="a">Musique de chambre.</marc:subfield>
			<marc:subfield code="2">rvmgf</marc:subfield>
			<marc:subfield code="0">(CaQQLa)RVMGF-000000719</marc:subfield>
		</marc:datafield>
		<marc:datafield tag="655" ind1=" " ind2="7">
			<marc:subfield code="a">Monologues (Musique)</marc:subfield>
			<marc:subfield code="2">rvmgf</marc:subfield>
			<marc:subfield code="0">(CaQQLa)RVMGF-000001818</marc:subfield>
		</marc:datafield>
	</marc:record>