
	<marc:record>
		<marc:leader>05004ccm a2200961Ii 4500</marc:leader>
		<marc:controlfield tag="001">9224901</marc:controlfield>
		<marc:controlfield tag="008">830215s1979    enksnae        n    zxx  </marc:controlfield>
		<marc:controlfield tag="005">20220516232147.3</marc:controlfield>
		<marc:datafield tag="010" ind1=" " ind2=" ">
			<marc:subfield code="a">   80771593 </marc:subfield>
		</marc:datafield>
		<marc:datafield tag="040" ind1=" " ind2=" ">
			<marc:subfield code="a">DLC</marc:subfield>
			<marc:subfield code="b">eng</marc:subfield>
			<marc:subfield code="e">rda</marc:subfield>
			<marc:subfield code="c">IMD</marc:subfield>
			<marc:subfield code="d">OCL</marc:subfield>
			<marc:subfield code="d">OCLCQ</marc:subfield>
			<marc:subfield code="d">YUU</marc:subfield>
			<marc:subfield code="d">IAI</marc:subfield>
			<marc:subfield code="d">MUQ</marc:subfield>
			<marc:subfield code="d">OCLCG</marc:subfield>
			<marc:subfield code="d">CRU</marc:subfield>
			<marc:subfield code="d">CDS</marc:subfield>
			<marc:subfield code="d">OCLCF</marc:subfield>
			<marc:subfield code="d">OCLCO</marc:subfield>
			<marc:subfield code="d">OCLCQ</marc:subfield>
			<marc:subfield code="d">OCLCO</marc:subfield>
			<marc:subfield code="d">CDS</marc:subfield>
			<marc:subfield code="d">OCLCO</marc:subfield>
			<marc:subfield code="d">ZWZ</marc:subfield>
			<marc:subfield code="d">OCL</marc:subfield>
			<marc:subfield code="d">UKMGB</marc:subfield>
			<marc:subfield code="d">OCLCO</marc:subfield>
		</marc:datafield>
		<marc:datafield tag="016" ind1="7" ind2=" ">
			<marc:subfield code="a">015024795</marc:subfield>
			<marc:subfield code="2">Uk</marc:subfield>
		</marc:datafield>
		<marc:datafield tag="019" ind1=" " ind2=" ">
			<marc:subfield code="a">7070280</marc:subfield>
			<marc:subfield code="a">19237475</marc:subfield>
		</marc:datafield>
		<marc:datafield tag="028" ind1="3" ind2="0">
			<marc:subfield code="a">N.M.112</marc:subfield>
			<marc:subfield code="b">Nova Music</marc:subfield>
		</marc:datafield>
		<marc:datafield tag="029" ind1="1" ind2=" ">
			<marc:subfield code="a">AU@</marc:subfield>
			<marc:subfield code="b">000008104798</marc:subfield>
		</marc:datafield>
		<marc:datafield tag="029" ind1="1" ind2=" ">
			<marc:subfield code="a">AU@</marc:subfield>
			<marc:subfield code="b">000023666168</marc:subfield>
		</marc:datafield>
		<marc:datafield tag="029" ind1="1" ind2=" ">
			<marc:subfield code="a">NZ1</marc:subfield>
			<marc:subfield code="b">11693278</marc:subfield>
		</marc:datafield>
		<marc:datafield tag="029" ind1="1" ind2=" ">
			<marc:subfield code="a">ZWZ</marc:subfield>
			<marc:subfield code="b">20069409X</marc:subfield>
		</marc:datafield>
		<marc:datafield tag="029" ind1="1" ind2=" ">
			<marc:subfield code="a">UKMGB</marc:subfield>
			<marc:subfield code="b">015024795</marc:subfield>
		</marc:datafield>
		<marc:datafield tag="041" ind1="0" ind2=" ">
			<marc:subfield code="g">eng</marc:subfield>
		</marc:datafield>
		<marc:datafield tag="043" ind1=" " ind2=" ">
			<marc:subfield code="a">e-gx---</marc:subfield>
		</marc:datafield>
		<marc:datafield tag="045" ind1=" " ind2=" ">
			<marc:subfield code="a">u5u8</marc:subfield>
		</marc:datafield>
		<marc:datafield tag="048" ind1=" " ind2=" ">
			<marc:subfield code="a">wb02</marc:subfield>
			<marc:subfield code="a">ke</marc:subfield>
		</marc:datafield>
		<marc:datafield tag="048" ind1=" " ind2=" ">
			<marc:subfield code="a">sa02</marc:subfield>
			<marc:subfield code="a">ke</marc:subfield>
		</marc:datafield>
		<marc:datafield tag="048" ind1=" " ind2=" ">
			<marc:subfield code="a">wh02</marc:subfield>
			<marc:subfield code="a">ke</marc:subfield>
		</marc:datafield>
		<marc:datafield tag="048" ind1=" " ind2=" ">
			<marc:subfield code="a">wb02</marc:subfield>
			<marc:subfield code="a">kn01</marc:subfield>
			<marc:subfield code="a">sc01</marc:subfield>
		</marc:datafield>
		<marc:datafield tag="048" ind1=" " ind2=" ">
			<marc:subfield code="a">sa02</marc:subfield>
			<marc:subfield code="a">kn01</marc:subfield>
			<marc:subfield code="a">sc01</marc:subfield>
		</marc:datafield>
		<marc:datafield tag="048" ind1=" " ind2=" ">
			<marc:subfield code="a">wh02</marc:subfield>
			<marc:subfield code="a">kn01</marc:subfield>
			<marc:subfield code="a">sc01</marc:subfield>
		</marc:datafield>
		<marc:datafield tag="048" ind1=" " ind2=" ">
			<marc:subfield code="a">wb02</marc:subfield>
			<marc:subfield code="a">kn01</marc:subfield>
			<marc:subfield code="a">wd01</marc:subfield>
		</marc:datafield>
		<marc:datafield tag="048" ind1=" " ind2=" ">
			<marc:subfield code="a">sa02</marc:subfield>
			<marc:subfield code="a">kn01</marc:subfield>
			<marc:subfield code="a">wd01</marc:subfield>
		</marc:datafield>
		<marc:datafield tag="048" ind1=" " ind2=" ">
			<marc:subfield code="a">wh02</marc:subfield>
			<marc:subfield code="a">kn01</marc:subfield>
			<marc:subfield code="a">wd01</marc:subfield>
		</marc:datafield>
		<marc:datafield tag="050" ind1="1" ind2="4">
			<marc:subfield code="a">M316.P5</marc:subfield>
			<marc:subfield code="b">B53</marc:subfield>
		</marc:datafield>
		<marc:datafield tag="082" ind1="1" ind2="4">
			<marc:subfield code="a">780</marc:subfield>
			<marc:subfield code="2">15</marc:subfield>
		</marc:datafield>
		<marc:datafield tag="100" ind1="1" ind2=" ">
			<marc:subfield code="a">Pezel, Johann,</marc:subfield>
			<marc:subfield code="d">1639-1694,</marc:subfield>
			<marc:subfield code="e">composer.</marc:subfield>
		</marc:datafield>
		<marc:datafield tag="240" ind1="1" ind2="0">
			<marc:subfield code="a">Bicinia variorum instrumentorum.</marc:subfield>
			<marc:subfield code="k">Selections</marc:subfield>
		</marc:datafield>
		<marc:datafield tag="245" ind1="0" ind2="0">
			<marc:subfield code="a">Six sonatinas :</marc:subfield>
			<marc:subfield code="b">for 2 oboes/violins/recorders in C and basso continuo /</marc:subfield>
			<marc:subfield code="c">Johann Pezel ; edited by Fazi Dov.</marc:subfield>
		</marc:datafield>
		<marc:datafield tag="264" ind1=" " ind2="1">
			<marc:subfield code="a">London :</marc:subfield>
			<marc:subfield code="b">Nova Music,</marc:subfield>
			<marc:subfield code="c">[1979]</marc:subfield>
		</marc:datafield>
		<marc:datafield tag="264" ind1=" " ind2="4">
			<marc:subfield code="c">©1979.</marc:subfield>
		</marc:datafield>
		<marc:datafield tag="300" ind1=" " ind2=" ">
			<marc:subfield code="a">1 score (13 pages) and 3 parts ;</marc:subfield>
			<marc:subfield code="c">30 cm</marc:subfield>
		</marc:datafield>
		<marc:datafield tag="336" ind1=" " ind2=" ">
			<marc:subfield code="a">notated music</marc:subfield>
			<marc:subfield code="b">ntm</marc:subfield>
			<marc:subfield code="2">rdacontent</marc:subfield>
		</marc:datafield>
		<marc:datafield tag="337" ind1=" " ind2=" ">
			<marc:subfield code="a">unmediated</marc:subfield>
			<marc:subfield code="b">n</marc:subfield>
			<marc:subfield code="2">rdamedia</marc:subfield>
		</marc:datafield>
		<marc:datafield tag="338" ind1=" " ind2=" ">
			<marc:subfield code="a">volume</marc:subfield>
			<marc:subfield code="b">nc</marc:subfield>
			<marc:subfield code="2">rdacarrier</marc:subfield>
		</marc:datafield>
		<marc:datafield tag="380" ind1=" " ind2=" ">
			<marc:subfield code="a">Trio sonatas</marc:subfield>
			<marc:subfield code="2">lcsh</marc:subfield>
		</marc:datafield>
		<marc:datafield tag="380" ind1=" " ind2=" ">
			<marc:subfield code="a">Chamber music</marc:subfield>
			<marc:subfield code="2">lcgft</marc:subfield>
		</marc:datafield>
		<marc:datafield tag="382" ind1="0" ind2="1">
			<marc:subfield code="a">recorders</marc:subfield>
			<marc:subfield code="n">2</marc:subfield>
			<marc:subfield code="p">oboes</marc:subfield>
			<marc:subfield code="n">2</marc:subfield>
			<marc:subfield code="p">violins</marc:subfield>
			<marc:subfield code="n">2</marc:subfield>
			<marc:subfield code="a">continuo</marc:subfield>
			<marc:subfield code="2">lcmpt</marc:subfield>
		</marc:datafield>
		<marc:datafield tag="382" ind1="0" ind2="1">
			<marc:subfield code="a">recorders</marc:subfield>
			<marc:subfield code="n">2</marc:subfield>
			<marc:subfield code="p">oboes</marc:subfield>
			<marc:subfield code="n">2</marc:subfield>
			<marc:subfield code="p">violins</marc:subfield>
			<marc:subfield code="n">2</marc:subfield>
			<marc:subfield code="a">keyboard instrument</marc:subfield>
			<marc:subfield code="n">1</marc:subfield>
			<marc:subfield code="a">cello</marc:subfield>
			<marc:subfield code="n">1</marc:subfield>
			<marc:subfield code="p">bassoon</marc:subfield>
			<marc:subfield code="n">1</marc:subfield>
			<marc:subfield code="s">4</marc:subfield>
			<marc:subfield code="2">lcmpt</marc:subfield>
		</marc:datafield>
		<marc:datafield tag="500" ind1=" " ind2=" ">
			<marc:subfield code="a">Cover title.</marc:subfield>
		</marc:datafield>
		<marc:datafield tag="500" ind1=" " ind2=" ">
			<marc:subfield code="a">Partially figured bass realized for keyboard instrument; includes part for cello (bassoon).</marc:subfield>
		</marc:datafield>
		<marc:datafield tag="505" ind1="0" ind2=" ">
			<marc:subfield code="a">No. 1, A major -- No. 2, D major -- No. 3, G major -- No. 7, E minor -- No. 9, D minor -- No. 11, C minor.</marc:subfield>
		</marc:datafield>
		<marc:datafield tag="650" ind1=" " ind2="0">
			<marc:subfield code="a">Trio sonatas (Oboes (2), continuo)</marc:subfield>
			<marc:subfield code="y">17th century</marc:subfield>
			<marc:subfield code="v">Scores and parts.</marc:subfield>
		</marc:datafield>
		<marc:datafield tag="650" ind1=" " ind2="0">
			<marc:subfield code="a">Trio sonatas (Violins (2), continuo)</marc:subfield>
			<marc:subfield code="y">17th century</marc:subfield>
			<marc:subfield code="v">Scores and parts.</marc:subfield>
		</marc:datafield>
		<marc:datafield tag="650" ind1=" " ind2="0">
			<marc:subfield code="a">Trio sonatas (Recorders (2), continuo)</marc:subfield>
			<marc:subfield code="y">17th century</marc:subfield>
			<marc:subfield code="v">Scores and parts.</marc:subfield>
		</marc:datafield>
		<marc:datafield tag="650" ind1=" " ind2="0">
			<marc:subfield code="a">Oboes (2) with continuo</marc:subfield>
			<marc:subfield code="z">Germany</marc:subfield>
			<marc:subfield code="y">17th century</marc:subfield>
			<marc:subfield code="v">Scores and parts.</marc:subfield>
		</marc:datafield>
		<marc:datafield tag="650" ind1=" " ind2="0">
			<marc:subfield code="a">Violins (2) with continuo</marc:subfield>
			<marc:subfield code="z">Germany</marc:subfield>
			<marc:subfield code="y">17th century</marc:subfield>
			<marc:subfield code="v">Scores and parts.</marc:subfield>
		</marc:datafield>
		<marc:datafield tag="650" ind1=" " ind2="0">
			<marc:subfield code="a">Recorders (2) with continuo</marc:subfield>
			<marc:subfield code="z">Germany</marc:subfield>
			<marc:subfield code="y">17th century</marc:subfield>
			<marc:subfield code="v">Scores and parts.</marc:subfield>
		</marc:datafield>
		<marc:datafield tag="650" ind1=" " ind2="0">
			<marc:subfield code="a">Chamber music</marc:subfield>
			<marc:subfield code="z">Germany</marc:subfield>
			<marc:subfield code="y">17th century</marc:subfield>
			<marc:subfield code="v">Scores and parts.</marc:subfield>
		</marc:datafield>
		<marc:datafield tag="650" ind1=" " ind2="0">
			<marc:subfield code="a">Trio sonatas (Violins (2), continuo)</marc:subfield>
			<marc:subfield code="v">Scores and parts.</marc:subfield>
		</marc:datafield>
		<marc:datafield tag="650" ind1=" " ind2="6">
			<marc:subfield code="a">Sonates en trio (Hautbois (2), basse continue)</marc:subfield>
			<marc:subfield code="v">Partitions et parties.</marc:subfield>
		</marc:datafield>
		<marc:datafield tag="650" ind1=" " ind2="6">
			<marc:subfield code="a">Sonates en trio (Flûtes à bec (2), basse continue)</marc:subfield>
			<marc:subfield code="v">Partitions et parties.</marc:subfield>
		</marc:datafield>
		<marc:datafield tag="650" ind1=" " ind2="6">
			<marc:subfield code="a">Sonates en trio (Violons (2), basse continue)</marc:subfield>
			<marc:subfield code="0">(CaQQLa)201-0081608</marc:subfield>
			<marc:subfield code="v">Partitions et parties.</marc:subfield>
			<marc:subfield code="0">(CaQQLa)201-0377154</marc:subfield>
		</marc:datafield>
		<marc:datafield tag="650" ind1=" " ind2="6">
			<marc:subfield code="a">Musique</marc:subfield>
			<marc:subfield code="x">Partitions et parties.</marc:subfield>
		</marc:datafield>
		<marc:datafield tag="650" ind1=" " ind2="6">
			<marc:subfield code="a">Sonates en trio (Violons (2), basse continue)</marc:subfield>
			<marc:subfield code="0">(CaQQLa)201-0081608</marc:subfield>
			<marc:subfield code="y">17e siècle</marc:subfield>
			<marc:subfield code="0">(CaQQLa)201-0373667</marc:subfield>
			<marc:subfield code="v">Partitions et parties.</marc:subfield>
			<marc:subfield code="0">(CaQQLa)201-0377154</marc:subfield>
		</marc:datafield>
		<marc:datafield tag="650" ind1=" " ind2="6">
			<marc:subfield code="a">Musique de chambre</marc:subfield>
			<marc:subfield code="0">(CaQQLa)201-0046087</marc:subfield>
			<marc:subfield code="z">Allemagne</marc:subfield>
			<marc:subfield code="0">(CaQQLa)201-0392817</marc:subfield>
			<marc:subfield code="y">17e siècle</marc:subfield>
			<marc:subfield code="0">(CaQQLa)201-0373667</marc:subfield>
			<marc:subfield code="v">Partitions et parties.</marc:subfield>
			<marc:subfield code="0">(CaQQLa)201-0377154</marc:subfield>
		</marc:datafield>
		<marc:datafield tag="650" ind1=" " ind2="7">
			<marc:subfield code="a">Chamber music</marc:subfield>
			<marc:subfield code="x">Scores and parts.</marc:subfield>
			<marc:subfield code="2">fast</marc:subfield>
			<marc:subfield code="0">(OCoLC)fst01905413</marc:subfield>
		</marc:datafield>
		<marc:datafield tag="650" ind1=" " ind2="7">
			<marc:subfield code="a">Trio sonatas (Oboes (2), continuo)</marc:subfield>
			<marc:subfield code="x">Scores and parts.</marc:subfield>
			<marc:subfield code="2">fast</marc:subfield>
			<marc:subfield code="0">(OCoLC)fst01906586</marc:subfield>
		</marc:datafield>
		<marc:datafield tag="650" ind1=" " ind2="7">
			<marc:subfield code="a">Trio sonatas (Recorders (2), continuo)</marc:subfield>
			<marc:subfield code="x">Scores and parts.</marc:subfield>
			<marc:subfield code="2">fast</marc:subfield>
			<marc:subfield code="0">(OCoLC)fst01906588</marc:subfield>
		</marc:datafield>
		<marc:datafield tag="650" ind1=" " ind2="7">
			<marc:subfield code="a">Trio sonatas (Violins (2), continuo)</marc:subfield>
			<marc:subfield code="x">Scores and parts.</marc:subfield>
			<marc:subfield code="2">fast</marc:subfield>
			<marc:subfield code="0">(OCoLC)fst01906590</marc:subfield>
		</marc:datafield>
		<marc:datafield tag="651" ind1=" " ind2="7">
			<marc:subfield code="a">Germany.</marc:subfield>
			<marc:subfield code="2">fast</marc:subfield>
			<marc:subfield code="0">(OCoLC)fst01210272</marc:subfield>
		</marc:datafield>
		<marc:datafield tag="648" ind1=" " ind2="7">
			<marc:subfield code="a">1600-1699</marc:subfield>
			<marc:subfield code="2">fast</marc:subfield>
		</marc:datafield>
		<marc:datafield tag="650" ind1=" " ind2="7">
			<marc:subfield code="a">Sonates en trio (hautbois (2), basse continue)</marc:subfield>
			<marc:subfield code="x">Partitions et parties.</marc:subfield>
			<marc:subfield code="2">ram</marc:subfield>
		</marc:datafield>
		<marc:datafield tag="650" ind1=" " ind2="7">
			<marc:subfield code="a">Sonates en trio (flûtes à bec (2), basse continue)</marc:subfield>
			<marc:subfield code="x">Partitions et parties.</marc:subfield>
			<marc:subfield code="2">ram</marc:subfield>
		</marc:datafield>
		<marc:datafield tag="650" ind1=" " ind2="7">
			<marc:subfield code="a">Sonates en trio (violons (2), basse continue)</marc:subfield>
			<marc:subfield code="x">Partitions et parties.</marc:subfield>
			<marc:subfield code="2">ram</marc:subfield>
		</marc:datafield>
		<marc:datafield tag="655" ind1=" " ind2="7">
			<marc:subfield code="a">Chamber music.</marc:subfield>
			<marc:subfield code="2">fast</marc:subfield>
			<marc:subfield code="0">(OCoLC)fst01726551</marc:subfield>
		</marc:datafield>
		<marc:datafield tag="655" ind1=" " ind2="7">
			<marc:subfield code="a">Chamber music.</marc:subfield>
			<marc:subfield code="2">lcgft</marc:subfield>
		</marc:datafield>
		<marc:datafield tag="655" ind1=" " ind2="7">
			<marc:subfield code="a">Trio sonatas.</marc:subfield>
			<marc:subfield code="2">lcsh</marc:subfield>
		</marc:datafield>
		<marc:datafield tag="655" ind1=" " ind2="7">
			<marc:subfield code="a">Musique de chambre.</marc:subfield>
			<marc:subfield code="2">rvmgf</marc:subfield>
			<marc:subfield code="0">(CaQQLa)RVMGF-000000719</marc:subfield>
		</marc:datafield>
		<marc:datafield tag="700" ind1="1" ind2="2">
			<marc:subfield code="a">Pezel, Johann,</marc:subfield>
			<marc:subfield code="d">1639-1694.</marc:subfield>
			<marc:subfield code="t">Bicinia variorum instrumentorum.</marc:subfield>
			<marc:subfield code="n">Nr. 1,</marc:subfield>
			<marc:subfield code="r">A major.</marc:subfield>
		</marc:datafield>
		<marc:datafield tag="700" ind1="1" ind2="2">
			<marc:subfield code="a">Pezel, Johann,</marc:subfield>
			<marc:subfield code="d">1639-1694.</marc:subfield>
			<marc:subfield code="t">Bicinia variorum instrumentorum.</marc:subfield>
			<marc:subfield code="n">Nr. 2,</marc:subfield>
			<marc:subfield code="r">D major.</marc:subfield>
		</marc:datafield>
		<marc:datafield tag="700" ind1="1" ind2="2">
			<marc:subfield code="a">Pezel, Johann,</marc:subfield>
			<marc:subfield code="d">1639-1694.</marc:subfield>
			<marc:subfield code="t">Bicinia variorum instrumentorum.</marc:subfield>
			<marc:subfield code="n">Nr. 3,</marc:subfield>
			<marc:subfield code="r">G major.</marc:subfield>
		</marc:datafield>
		<marc:datafield tag="700" ind1="1" ind2="2">
			<marc:subfield code="a">Pezel, Johann,</marc:subfield>
			<marc:subfield code="d">1639-1694.</marc:subfield>
			<marc:subfield code="t">Bicinia variorum instrumentorum.</marc:subfield>
			<marc:subfield code="n">Nr. 7,</marc:subfield>
			<marc:subfield code="r">E minor.</marc:subfield>
		</marc:datafield>
		<marc:datafield tag="700" ind1="1" ind2="2">
			<marc:subfield code="a">Pezel, Johann,</marc:subfield>
			<marc:subfield code="d">1639-1694.</marc:subfield>
			<marc:subfield code="t">Bicinia variorum instrumentorum.</marc:subfield>
			<marc:subfield code="n">Nr. 9,</marc:subfield>
			<marc:subfield code="r">D minor.</marc:subfield>
		</marc:datafield>
		<marc:datafield tag="700" ind1="1" ind2="2">
			<marc:subfield code="a">Pezel, Johann,</marc:subfield>
			<marc:subfield code="d">1639-1694.</marc:subfield>
			<marc:subfield code="t">Bicinia variorum instrumentorum.</marc:subfield>
			<marc:subfield code="n">Nr. 11,</marc:subfield>
			<marc:subfield code="r">C minor.</marc:subfield>
		</marc:datafield>
		<marc:datafield tag="700" ind1="1" ind2=" ">
			<marc:subfield code="a">Dov, Fazi,</marc:subfield>
			<marc:subfield code="e">editor.</marc:subfield>
		</marc:datafield>
		<marc:datafield tag="776" ind1="0" ind2="8">
			<marc:subfield code="i">Online version:</marc:subfield>
			<marc:subfield code="a">Pezel, Johann, 1639-1694.</marc:subfield>
			<marc:subfield code="s">Bicinia variorum instrumentorum. Selections.</marc:subfield>
			<marc:subfield code="t">Six sonatinas.</marc:subfield>
			<marc:subfield code="d">London : Nova Music, ©1979</marc:subfield>
			<marc:subfield code="w">(OCoLC)689374222</marc:subfield>
		</marc:datafield>
	</marc:record>