
	<marc:record>
		<marc:leader>03823cjm a2200793Mi 4500</marc:leader>
		<marc:controlfield tag="001">1112144880</marc:controlfield>
		<marc:controlfield tag="008">160321s1997    enkmunn ofhi      n zxx d</marc:controlfield>
		<marc:controlfield tag="006">m     o  h        </marc:controlfield>
		<marc:controlfield tag="005">20220623015901.1</marc:controlfield>
		<marc:controlfield tag="007">cr na---||a|a</marc:controlfield>
		<marc:controlfield tag="007">sz z|nnnnnzned</marc:controlfield>
		<marc:datafield tag="040" ind1=" " ind2=" ">
			<marc:subfield code="a">ALSTP</marc:subfield>
			<marc:subfield code="b">eng</marc:subfield>
			<marc:subfield code="e">rda</marc:subfield>
			<marc:subfield code="c">ALSTP</marc:subfield>
			<marc:subfield code="d">OCLCO</marc:subfield>
			<marc:subfield code="d">OCLCF</marc:subfield>
			<marc:subfield code="d">CN4X3</marc:subfield>
			<marc:subfield code="d">OCLCO</marc:subfield>
		</marc:datafield>
		<marc:datafield tag="019" ind1=" " ind2=" ">
			<marc:subfield code="a">1121069851</marc:subfield>
			<marc:subfield code="a">1155717193</marc:subfield>
		</marc:datafield>
		<marc:datafield tag="047" ind1=" " ind2=" ">
			<marc:subfield code="a">rp</marc:subfield>
			<marc:subfield code="a">bt</marc:subfield>
		</marc:datafield>
		<marc:datafield tag="050" ind1=" " ind2="4">
			<marc:subfield code="a">Internet Access</marc:subfield>
			<marc:subfield code="b">AEGMCT</marc:subfield>
		</marc:datafield>
		<marc:datafield tag="100" ind1="1" ind2=" ">
			<marc:subfield code="a">Grainger, Percy,</marc:subfield>
			<marc:subfield code="d">1882-1961,</marc:subfield>
			<marc:subfield code="e">composer.</marc:subfield>
		</marc:datafield>
		<marc:datafield tag="240" ind1="1" ind2="0">
			<marc:subfield code="a">Piano music.</marc:subfield>
			<marc:subfield code="k">Selections</marc:subfield>
		</marc:datafield>
		<marc:datafield tag="245" ind1="1" ind2="0">
			<marc:subfield code="a">'Dished up for piano'.</marc:subfield>
			<marc:subfield code="n">Volume five /</marc:subfield>
			<marc:subfield code="c">Percy Grainger.</marc:subfield>
		</marc:datafield>
		<marc:datafield tag="246" ind1="3" ind2="3">
			<marc:subfield code="a">'Dished up for piano' :</marc:subfield>
			<marc:subfield code="b">complete piano music</marc:subfield>
		</marc:datafield>
		<marc:datafield tag="246" ind1="3" ind2="4">
			<marc:subfield code="a">Complete piano music.</marc:subfield>
			<marc:subfield code="n">Disc 5</marc:subfield>
		</marc:datafield>
		<marc:datafield tag="264" ind1=" " ind2="1">
			<marc:subfield code="a">Herefordshire, England :</marc:subfield>
			<marc:subfield code="b">Nimbus,</marc:subfield>
			<marc:subfield code="c">1997.</marc:subfield>
		</marc:datafield>
		<marc:datafield tag="300" ind1=" " ind2=" ">
			<marc:subfield code="a">1 online resource (76 minutes)</marc:subfield>
		</marc:datafield>
		<marc:datafield tag="306" ind1=" " ind2=" ">
			<marc:subfield code="a">011826</marc:subfield>
		</marc:datafield>
		<marc:datafield tag="336" ind1=" " ind2=" ">
			<marc:subfield code="a">performed music</marc:subfield>
			<marc:subfield code="b">prm</marc:subfield>
			<marc:subfield code="2">rdacontent</marc:subfield>
		</marc:datafield>
		<marc:datafield tag="337" ind1=" " ind2=" ">
			<marc:subfield code="a">audio</marc:subfield>
			<marc:subfield code="b">s</marc:subfield>
			<marc:subfield code="2">rdamedia</marc:subfield>
		</marc:datafield>
		<marc:datafield tag="337" ind1=" " ind2=" ">
			<marc:subfield code="a">computer</marc:subfield>
			<marc:subfield code="b">c</marc:subfield>
			<marc:subfield code="2">rdamedia</marc:subfield>
		</marc:datafield>
		<marc:datafield tag="338" ind1=" " ind2=" ">
			<marc:subfield code="a">online resource</marc:subfield>
			<marc:subfield code="b">cr</marc:subfield>
			<marc:subfield code="2">rdacarrier</marc:subfield>
		</marc:datafield>
		<marc:datafield tag="347" ind1=" " ind2=" ">
			<marc:subfield code="a">audio file</marc:subfield>
			<marc:subfield code="2">rda</marc:subfield>
		</marc:datafield>
		<marc:datafield tag="382" ind1="0" ind2="1">
			<marc:subfield code="a">piano</marc:subfield>
			<marc:subfield code="n">1</marc:subfield>
			<marc:subfield code="s">1</marc:subfield>
			<marc:subfield code="2">lcmpt</marc:subfield>
		</marc:datafield>
		<marc:datafield tag="382" ind1="0" ind2="1">
			<marc:subfield code="a">piano</marc:subfield>
			<marc:subfield code="n">3</marc:subfield>
			<marc:subfield code="v">2 pianos, 6 hands</marc:subfield>
			<marc:subfield code="s">3</marc:subfield>
			<marc:subfield code="2">lcmpt</marc:subfield>
		</marc:datafield>
		<marc:datafield tag="382" ind1="0" ind2="1">
			<marc:subfield code="a">piano</marc:subfield>
			<marc:subfield code="n">3</marc:subfield>
			<marc:subfield code="v">1 piano, 6 hands</marc:subfield>
			<marc:subfield code="s">3</marc:subfield>
			<marc:subfield code="2">lcmpt</marc:subfield>
		</marc:datafield>
		<marc:datafield tag="382" ind1="0" ind2="1">
			<marc:subfield code="a">piano</marc:subfield>
			<marc:subfield code="n">2</marc:subfield>
			<marc:subfield code="v">piano, 4 hands</marc:subfield>
			<marc:subfield code="s">2</marc:subfield>
			<marc:subfield code="2">lcmpt</marc:subfield>
		</marc:datafield>
		<marc:datafield tag="382" ind1="0" ind2="1">
			<marc:subfield code="a">piano</marc:subfield>
			<marc:subfield code="n">2</marc:subfield>
			<marc:subfield code="v">2 pianos, 4 hands</marc:subfield>
			<marc:subfield code="s">2</marc:subfield>
			<marc:subfield code="2">lcmpt</marc:subfield>
		</marc:datafield>
		<marc:datafield tag="490" ind1="0" ind2=" ">
			<marc:subfield code="a">Music Online: Classical Music Library</marc:subfield>
		</marc:datafield>
		<marc:datafield tag="500" ind1=" " ind2=" ">
			<marc:subfield code="a">Streaming audio files.</marc:subfield>
		</marc:datafield>
		<marc:datafield tag="500" ind1=" " ind2=" ">
			<marc:subfield code="a">Title from resource description page (viewed March 21, 2016).</marc:subfield>
		</marc:datafield>
		<marc:datafield tag="500" ind1=" " ind2=" ">
			<marc:subfield code="a">&quot;Complete piano music&quot;.</marc:subfield>
		</marc:datafield>
		<marc:datafield tag="500" ind1=" " ind2=" ">
			<marc:subfield code="a">Includes liner notes in English.</marc:subfield>
		</marc:datafield>
		<marc:datafield tag="505" ind1="0" ind2=" ">
			<marc:subfield code="a">Children's march: &quot;Over the hills and far away&quot; (7.10) -- Up-country song (Colonial song) (0.54) -- English dance (8.59) -- Ye banks and braes o' Bonnie Doon (2.19) -- &quot;Spoon River&quot; -- American folk dance (4.57) -- Train music (0.35) -- Zanzibar boat-song (4.40) -- Brahms' Paganini variations, No. 12 (1.15) -- Green bushes -Passacaglia on an English folksong (8.17) -- William Byrd's air and variations for the virginals &quot;The Carman's whistle&quot; (5.22) -- Delius' &quot;A dance rhapsody&quot; (12.14) -- Gershwin's &quot;Embraceable you&quot; (from Girl crazy) (1.28) -- The warriors -- music to an imaginary ballet (20.03).</marc:subfield>
		</marc:datafield>
		<marc:datafield tag="511" ind1="0" ind2=" ">
			<marc:subfield code="a">Martin Jones, piano.</marc:subfield>
		</marc:datafield>
		<marc:datafield tag="518" ind1=" " ind2=" ">
			<marc:subfield code="o">Recorded</marc:subfield>
			<marc:subfield code="p">Wyastone Leys</marc:subfield>
			<marc:subfield code="d">April 20th and May 12th 1989 and January 12th 1991.</marc:subfield>
		</marc:datafield>
		<marc:datafield tag="650" ind1=" " ind2="0">
			<marc:subfield code="a">Piano music.</marc:subfield>
		</marc:datafield>
		<marc:datafield tag="650" ind1=" " ind2="0">
			<marc:subfield code="a">Piano music, Arranged.</marc:subfield>
		</marc:datafield>
		<marc:datafield tag="650" ind1=" " ind2="0">
			<marc:subfield code="a">Piano music (4 hands)</marc:subfield>
		</marc:datafield>
		<marc:datafield tag="650" ind1=" " ind2="0">
			<marc:subfield code="a">Piano music (Pianos (2))</marc:subfield>
		</marc:datafield>
		<marc:datafield tag="650" ind1=" " ind2="0">
			<marc:subfield code="a">Piano music (6 hands)</marc:subfield>
		</marc:datafield>
		<marc:datafield tag="650" ind1=" " ind2="0">
			<marc:subfield code="a">Piano music (Pianos (2), 6 hands)</marc:subfield>
		</marc:datafield>
		<marc:datafield tag="650" ind1=" " ind2="6">
			<marc:subfield code="a">Piano, Musique de.</marc:subfield>
			<marc:subfield code="0">(CaQQLa)201-0008260</marc:subfield>
		</marc:datafield>
		<marc:datafield tag="650" ind1=" " ind2="6">
			<marc:subfield code="a">Piano, Musique de, arr.</marc:subfield>
			<marc:subfield code="0">(CaQQLa)201-0014161</marc:subfield>
		</marc:datafield>
		<marc:datafield tag="650" ind1=" " ind2="6">
			<marc:subfield code="a">Piano, Musique de (4 mains)</marc:subfield>
			<marc:subfield code="0">(CaQQLa)201-0018549</marc:subfield>
		</marc:datafield>
		<marc:datafield tag="650" ind1=" " ind2="6">
			<marc:subfield code="a">Piano, Musique de (Pianos (2))</marc:subfield>
			<marc:subfield code="0">(CaQQLa)201-0007782</marc:subfield>
		</marc:datafield>
		<marc:datafield tag="650" ind1=" " ind2="6">
			<marc:subfield code="a">Piano, Musique de (6 mains)</marc:subfield>
			<marc:subfield code="0">(CaQQLa)201-0260568</marc:subfield>
		</marc:datafield>
		<marc:datafield tag="650" ind1=" " ind2="6">
			<marc:subfield code="a">Piano, Musique de (Pianos (2), 6 mains)</marc:subfield>
			<marc:subfield code="0">(CaQQLa)201-0251489</marc:subfield>
		</marc:datafield>
		<marc:datafield tag="650" ind1=" " ind2="7">
			<marc:subfield code="a">Piano music.</marc:subfield>
			<marc:subfield code="2">fast</marc:subfield>
			<marc:subfield code="0">(OCoLC)fst01063403</marc:subfield>
		</marc:datafield>
		<marc:datafield tag="650" ind1=" " ind2="7">
			<marc:subfield code="a">Piano music (4 hands)</marc:subfield>
			<marc:subfield code="2">fast</marc:subfield>
			<marc:subfield code="0">(OCoLC)fst01063420</marc:subfield>
		</marc:datafield>
		<marc:datafield tag="650" ind1=" " ind2="7">
			<marc:subfield code="a">Piano music (6 hands)</marc:subfield>
			<marc:subfield code="2">fast</marc:subfield>
			<marc:subfield code="0">(OCoLC)fst01063425</marc:subfield>
		</marc:datafield>
		<marc:datafield tag="650" ind1=" " ind2="7">
			<marc:subfield code="a">Piano music, Arranged.</marc:subfield>
			<marc:subfield code="2">fast</marc:subfield>
			<marc:subfield code="0">(OCoLC)fst01063453</marc:subfield>
		</marc:datafield>
		<marc:datafield tag="650" ind1=" " ind2="7">
			<marc:subfield code="a">Piano music (Pianos (2))</marc:subfield>
			<marc:subfield code="2">fast</marc:subfield>
			<marc:subfield code="0">(OCoLC)fst01063437</marc:subfield>
		</marc:datafield>
		<marc:datafield tag="650" ind1=" " ind2="7">
			<marc:subfield code="a">Piano music (Pianos (2), 6 hands)</marc:subfield>
			<marc:subfield code="2">fast</marc:subfield>
			<marc:subfield code="0">(OCoLC)fst01063444</marc:subfield>
		</marc:datafield>
		<marc:datafield tag="655" ind1=" " ind2="7">
			<marc:subfield code="a">Arrangements (Music)</marc:subfield>
			<marc:subfield code="2">fast</marc:subfield>
			<marc:subfield code="0">(OCoLC)fst01920435</marc:subfield>
		</marc:datafield>
		<marc:datafield tag="655" ind1=" " ind2="7">
			<marc:subfield code="a">Art music.</marc:subfield>
			<marc:subfield code="2">fast</marc:subfield>
			<marc:subfield code="0">(OCoLC)fst01920007</marc:subfield>
		</marc:datafield>
		<marc:datafield tag="655" ind1=" " ind2="7">
			<marc:subfield code="a">Art music.</marc:subfield>
			<marc:subfield code="2">lcgft</marc:subfield>
		</marc:datafield>
		<marc:datafield tag="655" ind1=" " ind2="7">
			<marc:subfield code="a">Arrangements (Music)</marc:subfield>
			<marc:subfield code="2">lcgft</marc:subfield>
		</marc:datafield>
		<marc:datafield tag="655" ind1=" " ind2="7">
			<marc:subfield code="a">Musique savante.</marc:subfield>
			<marc:subfield code="2">rvmgf</marc:subfield>
			<marc:subfield code="0">(CaQQLa)RVMGF-000000692</marc:subfield>
		</marc:datafield>
		<marc:datafield tag="655" ind1=" " ind2="7">
			<marc:subfield code="a">Arrangements (Musique)</marc:subfield>
			<marc:subfield code="2">rvmgf</marc:subfield>
			<marc:subfield code="0">(CaQQLa)RVMGF-000000691</marc:subfield>
		</marc:datafield>
		<marc:datafield tag="700" ind1="1" ind2=" ">
			<marc:subfield code="a">Jones, Martin,</marc:subfield>
			<marc:subfield code="d">1940-</marc:subfield>
			<marc:subfield code="e">instrumentalist.</marc:subfield>
		</marc:datafield>
		<marc:datafield tag="776" ind1="0" ind2="8">
			<marc:subfield code="i">Original cat. no.:</marc:subfield>
			<marc:subfield code="o">NI 1767</marc:subfield>
		</marc:datafield>
		<marc:datafield tag="856" ind1="4" ind2="0">
			<marc:subfield code="u">http://www.aspresolver.com/aspresolver.asp?CLMU;2129602</marc:subfield>
		</marc:datafield>
		<marc:datafield tag="938" ind1=" " ind2=" ">
			<marc:subfield code="a">Alexander Street</marc:subfield>
			<marc:subfield code="b">ALSP</marc:subfield>
			<marc:subfield code="n">ASP2129602/clmu</marc:subfield>
		</marc:datafield>
	</marc:record>