
	<marc:record>
		<marc:leader>04727ccm a2200685 a 4500</marc:leader>
		<marc:controlfield tag="001">48788606</marc:controlfield>
		<marc:controlfield tag="008">040218s2001    ctucca   dehi  n    chu d</marc:controlfield>
		<marc:controlfield tag="005">20230224060631.6</marc:controlfield>
		<marc:datafield tag="010" ind1=" " ind2=" ">
			<marc:subfield code="a">  2004569057</marc:subfield>
		</marc:datafield>
		<marc:datafield tag="040" ind1=" " ind2=" ">
			<marc:subfield code="a">IDA</marc:subfield>
			<marc:subfield code="b">eng</marc:subfield>
			<marc:subfield code="c">DLC</marc:subfield>
			<marc:subfield code="d">IDA</marc:subfield>
			<marc:subfield code="d">YDXCP</marc:subfield>
			<marc:subfield code="d">OCLCF</marc:subfield>
			<marc:subfield code="d">EUM</marc:subfield>
			<marc:subfield code="d">OCLCO</marc:subfield>
			<marc:subfield code="d">OCLCQ</marc:subfield>
			<marc:subfield code="d">CSJ</marc:subfield>
			<marc:subfield code="d">VTS</marc:subfield>
			<marc:subfield code="d">WTV</marc:subfield>
			<marc:subfield code="d">OCLCO</marc:subfield>
			<marc:subfield code="d">PUL</marc:subfield>
			<marc:subfield code="d">OCL</marc:subfield>
		</marc:datafield>
		<marc:datafield tag="020" ind1=" " ind2=" ">
			<marc:subfield code="a">0970176708</marc:subfield>
		</marc:datafield>
		<marc:datafield tag="020" ind1=" " ind2=" ">
			<marc:subfield code="a">9780970176707</marc:subfield>
		</marc:datafield>
		<marc:datafield tag="028" ind1="3" ind2="0">
			<marc:subfield code="a">MRSM Ka 001--MRSM Ka 020</marc:subfield>
			<marc:subfield code="b">Musica Russica</marc:subfield>
		</marc:datafield>
		<marc:datafield tag="028" ind1="3" ind2="0">
			<marc:subfield code="a">MRSM Ka 021--MRSM Ka 024</marc:subfield>
			<marc:subfield code="b">Musica Russica</marc:subfield>
		</marc:datafield>
		<marc:datafield tag="041" ind1="0" ind2=" ">
			<marc:subfield code="a">chu</marc:subfield>
			<marc:subfield code="e">chu</marc:subfield>
			<marc:subfield code="e">eng</marc:subfield>
			<marc:subfield code="n">chu</marc:subfield>
			<marc:subfield code="g">rus</marc:subfield>
			<marc:subfield code="g">eng</marc:subfield>
		</marc:datafield>
		<marc:datafield tag="042" ind1=" " ind2=" ">
			<marc:subfield code="a">lccopycat</marc:subfield>
		</marc:datafield>
		<marc:datafield tag="045" ind1="2" ind2=" ">
			<marc:subfield code="a">x0x1</marc:subfield>
		</marc:datafield>
		<marc:datafield tag="048" ind1=" " ind2=" ">
			<marc:subfield code="a">ca</marc:subfield>
		</marc:datafield>
		<marc:datafield tag="050" ind1="0" ind2="0">
			<marc:subfield code="a">M2015.K29</marc:subfield>
			<marc:subfield code="b">C46 2001</marc:subfield>
		</marc:datafield>
		<marc:datafield tag="082" ind1="0" ind2="4">
			<marc:subfield code="a">782.3</marc:subfield>
		</marc:datafield>
		<marc:datafield tag="100" ind1="1" ind2=" ">
			<marc:subfield code="a">Kalinnikov, Viktor,</marc:subfield>
			<marc:subfield code="d">1870-1927.</marc:subfield>
		</marc:datafield>
		<marc:datafield tag="240" ind1="1" ind2="0">
			<marc:subfield code="a">Choral music.</marc:subfield>
			<marc:subfield code="k">Selections</marc:subfield>
		</marc:datafield>
		<marc:datafield tag="245" ind1="1" ind2="4">
			<marc:subfield code="a">The complete sacred choral works /</marc:subfield>
			<marc:subfield code="c">Victor Kalinnikov ; Vladimir Morosan, editor-in-chief ; introduction and critical notes by Marina Rakhmanova.</marc:subfield>
		</marc:datafield>
		<marc:datafield tag="246" ind1="1" ind2="5">
			<marc:subfield code="a">Polnoe sobranie dukhovno-muzykalʹnykh proizvedeniǐ</marc:subfield>
		</marc:datafield>
		<marc:datafield tag="260" ind1=" " ind2=" ">
			<marc:subfield code="a">Madison, CT :</marc:subfield>
			<marc:subfield code="b">Musica Russica,</marc:subfield>
			<marc:subfield code="c">©2001.</marc:subfield>
		</marc:datafield>
		<marc:datafield tag="300" ind1=" " ind2=" ">
			<marc:subfield code="a">1 score (xxxiii, 204 pages) :</marc:subfield>
			<marc:subfield code="b">illustrations ;</marc:subfield>
			<marc:subfield code="c">29 cm.</marc:subfield>
		</marc:datafield>
		<marc:datafield tag="336" ind1=" " ind2=" ">
			<marc:subfield code="a">notated music</marc:subfield>
			<marc:subfield code="b">ntm</marc:subfield>
			<marc:subfield code="2">rdacontent</marc:subfield>
		</marc:datafield>
		<marc:datafield tag="337" ind1=" " ind2=" ">
			<marc:subfield code="a">unmediated</marc:subfield>
			<marc:subfield code="b">n</marc:subfield>
			<marc:subfield code="2">rdamedia</marc:subfield>
		</marc:datafield>
		<marc:datafield tag="338" ind1=" " ind2=" ">
			<marc:subfield code="a">volume</marc:subfield>
			<marc:subfield code="b">nc</marc:subfield>
			<marc:subfield code="2">rdacarrier</marc:subfield>
		</marc:datafield>
		<marc:datafield tag="382" ind1="0" ind2="1">
			<marc:subfield code="a">mixed chorus</marc:subfield>
			<marc:subfield code="v">SATB</marc:subfield>
			<marc:subfield code="e">1</marc:subfield>
			<marc:subfield code="t">1</marc:subfield>
			<marc:subfield code="2">lcmpt</marc:subfield>
		</marc:datafield>
		<marc:datafield tag="382" ind1="0" ind2="1">
			<marc:subfield code="a">mixed chorus</marc:subfield>
			<marc:subfield code="v">SATB</marc:subfield>
			<marc:subfield code="e">1</marc:subfield>
			<marc:subfield code="a">piano</marc:subfield>
			<marc:subfield code="n">1</marc:subfield>
			<marc:subfield code="t">1</marc:subfield>
			<marc:subfield code="2">lcmpt</marc:subfield>
		</marc:datafield>
		<marc:datafield tag="490" ind1="1" ind2=" ">
			<marc:subfield code="a">Monuments of Russian sacred music. Series VIII</marc:subfield>
		</marc:datafield>
		<marc:datafield tag="504" ind1=" " ind2=" ">
			<marc:subfield code="a">Includes bibliographical references (page xxxiii).</marc:subfield>
		</marc:datafield>
		<marc:datafield tag="500" ind1=" " ind2=" ">
			<marc:subfield code="a">For mixed choir of 4-8 voices unacc., with piano part for rehearsal only.</marc:subfield>
		</marc:datafield>
		<marc:datafield tag="546" ind1=" " ind2=" ">
			<marc:subfield code="a">Church Slavic words (Cyrillic and romanized); also printed as text (romanized) with English translation preceding each piece.</marc:subfield>
		</marc:datafield>
		<marc:datafield tag="500" ind1=" " ind2=" ">
			<marc:subfield code="a">Commentary in Russian and English.</marc:subfield>
		</marc:datafield>
		<marc:datafield tag="505" ind1="0" ind2=" ">
			<marc:subfield code="a">Kheruvimskai︠a︡ pesnʹ = Cherubic hymn (no. 1) -- Tebe poem = We hymn Thee (no. 1) -- Dostoĭno estʹ = It is truly fitting (Znamenny Chant, no. 1) -- Vo t︠s︡arstvii tvoem = In thy kingdom -- Gospodi, spasi, i Svi︠a︡tyĭ Bozhe = O Lord, Save, and holy God -- Milostʹ mira = A mercy of peace -- no. 2. Tebe poem = We hymn Thee -- Otche nash = Our Father -- Dostoĭno estʹ = It is truly fitting (no. 2) -- Slava i nyne, edinorodnyĭ Syne = Glory, now and ever, only begotten Son -- Priidite, poklonimsi︠a︡ = Come let us worship -- Verui︠u︡ (Simvol very) = I believe (the Creed) -- Blagoslovi, dusha moi︠a︡, Gospoda (na liturgii) = Bless the Lord, o my soul (at liturgy) -- Kamo poĭdu ot Dukha Tvoego (na liturgii vmesto zaprichastnogo stikha) = Where can I go from thy spirit? (in place of the communion hymn at liturgy) -- Khvalite imi︠a︡ Gospodne = Praise the name of the Lord -- Svete tikhiĭ = Gladsome light -- Bogorodit︠s︡e Devo = Rejoice, o virgin -- Ot i︠u︡nosti moei︠a︡ = From my youth -- Voskresenie Khristovo videvshi = Having beheld the resurrection of Christ -- Nyne otpushchaeshi = Lord, now lettest thou -- Kheruvimskai︠a︡ pesnʹ = Cherubic hymn (no. 2) -- Blazhen muzh = Blessed is the man -- Velichit dusha moi︠a︡ Gospoda = My soul magnifies the Lord -- Blagoslovi, dushe moi︠a︡, Gospoda (na Vsenoshchnoĭ) = Bless the Lord, o my soul (at vigil).</marc:subfield>
		</marc:datafield>
		<marc:datafield tag="500" ind1=" " ind2=" ">
			<marc:subfield code="a">Publisher's no.: MRSM Ka 001-024.</marc:subfield>
		</marc:datafield>
		<marc:datafield tag="610" ind1="2" ind2="0">
			<marc:subfield code="a">Russkai︠a︡ pravoslavnai︠a︡ t︠s︡erkovʹ</marc:subfield>
			<marc:subfield code="x">Liturgy.</marc:subfield>
		</marc:datafield>
		<marc:datafield tag="650" ind1=" " ind2="0">
			<marc:subfield code="a">Choruses, Sacred (Mixed voices), Unaccompanied.</marc:subfield>
		</marc:datafield>
		<marc:datafield tag="650" ind1=" " ind2="0">
			<marc:subfield code="a">Hymns, Church Slavic.</marc:subfield>
		</marc:datafield>
		<marc:datafield tag="610" ind1="2" ind2="4">
			<marc:subfield code="a">Orthodox Eastern Church</marc:subfield>
			<marc:subfield code="x">Liturgy.</marc:subfield>
		</marc:datafield>
		<marc:datafield tag="650" ind1=" " ind2="6">
			<marc:subfield code="a">Chœurs sacrés (Voix mixtes) a cappella.</marc:subfield>
			<marc:subfield code="0">(CaQQLa)201-0035374</marc:subfield>
		</marc:datafield>
		<marc:datafield tag="650" ind1=" " ind2="6">
			<marc:subfield code="a">Hymnes slavons.</marc:subfield>
			<marc:subfield code="0">(CaQQLa)000264171</marc:subfield>
		</marc:datafield>
		<marc:datafield tag="610" ind1="2" ind2="7">
			<marc:subfield code="a">Russkai︠a︡ pravoslavnai︠a︡ t︠s︡erkovʹ</marc:subfield>
			<marc:subfield code="2">fast</marc:subfield>
			<marc:subfield code="0">(OCoLC)fst00540279</marc:subfield>
		</marc:datafield>
		<marc:datafield tag="650" ind1=" " ind2="7">
			<marc:subfield code="a">Choruses, Sacred (Mixed voices), Unaccompanied.</marc:subfield>
			<marc:subfield code="2">fast</marc:subfield>
			<marc:subfield code="0">(OCoLC)fst00858730</marc:subfield>
		</marc:datafield>
		<marc:datafield tag="650" ind1=" " ind2="7">
			<marc:subfield code="a">Hymns, Church Slavic.</marc:subfield>
			<marc:subfield code="2">fast</marc:subfield>
			<marc:subfield code="0">(OCoLC)fst00965526</marc:subfield>
		</marc:datafield>
		<marc:datafield tag="650" ind1=" " ind2="7">
			<marc:subfield code="a">Liturgics.</marc:subfield>
			<marc:subfield code="2">fast</marc:subfield>
			<marc:subfield code="0">(OCoLC)fst01000579</marc:subfield>
		</marc:datafield>
		<marc:datafield tag="655" ind1=" " ind2="7">
			<marc:subfield code="a">Hymns.</marc:subfield>
			<marc:subfield code="2">fast</marc:subfield>
			<marc:subfield code="0">(OCoLC)fst01423701</marc:subfield>
		</marc:datafield>
		<marc:datafield tag="655" ind1=" " ind2="7">
			<marc:subfield code="a">Chorales.</marc:subfield>
			<marc:subfield code="2">fast</marc:subfield>
			<marc:subfield code="0">(OCoLC)fst01920066</marc:subfield>
		</marc:datafield>
		<marc:datafield tag="655" ind1=" " ind2="7">
			<marc:subfield code="a">Hymns.</marc:subfield>
			<marc:subfield code="2">lcgft</marc:subfield>
			<marc:subfield code="0">http://id.loc.gov/authorities/genreForms/gf2014026872</marc:subfield>
			<marc:subfield code="0">(uri) http://id.loc.gov/authorities/genreForms/gf2014026872</marc:subfield>
		</marc:datafield>
		<marc:datafield tag="655" ind1=" " ind2="7">
			<marc:subfield code="a">Chorales.</marc:subfield>
			<marc:subfield code="2">lcgft</marc:subfield>
			<marc:subfield code="0">http://id.loc.gov/authorities/genreForms/gf2014026713</marc:subfield>
			<marc:subfield code="0">(uri) http://id.loc.gov/authorities/genreForms/gf2014026713</marc:subfield>
		</marc:datafield>
		<marc:datafield tag="700" ind1="1" ind2=" ">
			<marc:subfield code="a">Morosan, Vladimir,</marc:subfield>
			<marc:subfield code="e">editor.</marc:subfield>
		</marc:datafield>
		<marc:datafield tag="700" ind1="1" ind2=" ">
			<marc:subfield code="a">Rakhmanova, M. P.</marc:subfield>
			<marc:subfield code="q">(Marina Pavlovna)</marc:subfield>
		</marc:datafield>
		<marc:datafield tag="776" ind1="0" ind2="8">
			<marc:subfield code="i">Online version:</marc:subfield>
			<marc:subfield code="a">Kalinnikov, Viktor, 1870-1927.</marc:subfield>
			<marc:subfield code="s">Choral music. Selections.</marc:subfield>
			<marc:subfield code="t">Complete sacred choral works.</marc:subfield>
			<marc:subfield code="d">Madison, CT : Musica Russica, ©2001</marc:subfield>
			<marc:subfield code="w">(OCoLC)639880681</marc:subfield>
		</marc:datafield>
		<marc:datafield tag="830" ind1=" " ind2="0">
			<marc:subfield code="a">Monuments of Russian sacred music.</marc:subfield>
			<marc:subfield code="n">Series VIII.</marc:subfield>
		</marc:datafield>
		<marc:datafield tag="938" ind1=" " ind2=" ">
			<marc:subfield code="a">YBP Library Services</marc:subfield>
			<marc:subfield code="b">YANK</marc:subfield>
			<marc:subfield code="n">3167953</marc:subfield>
		</marc:datafield>
		<marc:datafield tag="029" ind1="1" ind2=" ">
			<marc:subfield code="a">AU@</marc:subfield>
			<marc:subfield code="b">000023557153</marc:subfield>
		</marc:datafield>
		<marc:datafield tag="029" ind1="1" ind2=" ">
			<marc:subfield code="a">AU@</marc:subfield>
			<marc:subfield code="b">000055243991</marc:subfield>
		</marc:datafield>
		<marc:datafield tag="029" ind1="1" ind2=" ">
			<marc:subfield code="a">NZ1</marc:subfield>
			<marc:subfield code="b">8443644</marc:subfield>
		</marc:datafield>
	</marc:record>