
	<marc:record>
		<marc:leader>03862cjm a2200853 a 4500</marc:leader>
		<marc:controlfield tag="001">14698923</marc:controlfield>
		<marc:controlfield tag="008">861111p19851984enkmunn  fi       n zxx d</marc:controlfield>
		<marc:controlfield tag="005">20230223041804.7</marc:controlfield>
		<marc:controlfield tag="007">sd fungnn|||ed</marc:controlfield>
		<marc:datafield tag="040" ind1=" " ind2=" ">
			<marc:subfield code="a">OBE</marc:subfield>
			<marc:subfield code="b">eng</marc:subfield>
			<marc:subfield code="c">OBE</marc:subfield>
			<marc:subfield code="d">OCL</marc:subfield>
			<marc:subfield code="d">RBN</marc:subfield>
			<marc:subfield code="d">OCL</marc:subfield>
			<marc:subfield code="d">OCLCQ</marc:subfield>
			<marc:subfield code="d">UMC</marc:subfield>
			<marc:subfield code="d">MNU</marc:subfield>
			<marc:subfield code="d">MUQ</marc:subfield>
			<marc:subfield code="d">OCLCG</marc:subfield>
			<marc:subfield code="d">AU@</marc:subfield>
			<marc:subfield code="d">OCLCQ</marc:subfield>
			<marc:subfield code="d">OCLCA</marc:subfield>
			<marc:subfield code="d">OCLCQ</marc:subfield>
			<marc:subfield code="d">OCLCA</marc:subfield>
			<marc:subfield code="d">OCLCF</marc:subfield>
			<marc:subfield code="d">OCLCQ</marc:subfield>
			<marc:subfield code="d">FMZ</marc:subfield>
			<marc:subfield code="d">NMC</marc:subfield>
			<marc:subfield code="d">TJC</marc:subfield>
			<marc:subfield code="d">OCLCQ</marc:subfield>
			<marc:subfield code="d">TJCBL</marc:subfield>
			<marc:subfield code="d">OCLCQ</marc:subfield>
			<marc:subfield code="d">OCLCO</marc:subfield>
			<marc:subfield code="d">OCLCQ</marc:subfield>
			<marc:subfield code="d">OCL</marc:subfield>
		</marc:datafield>
		<marc:datafield tag="019" ind1=" " ind2=" ">
			<marc:subfield code="a">22989530</marc:subfield>
			<marc:subfield code="a">29071153</marc:subfield>
			<marc:subfield code="a">70489351</marc:subfield>
			<marc:subfield code="a">123197384</marc:subfield>
		</marc:datafield>
		<marc:datafield tag="028" ind1="0" ind2="2">
			<marc:subfield code="a">CHAN 8363</marc:subfield>
			<marc:subfield code="b">Chandos</marc:subfield>
		</marc:datafield>
		<marc:datafield tag="033" ind1="1" ind2=" ">
			<marc:subfield code="a">198403--</marc:subfield>
			<marc:subfield code="a">198411--</marc:subfield>
			<marc:subfield code="b">5754</marc:subfield>
			<marc:subfield code="c">L7</marc:subfield>
		</marc:datafield>
		<marc:datafield tag="041" ind1="0" ind2=" ">
			<marc:subfield code="g">eng</marc:subfield>
		</marc:datafield>
		<marc:datafield tag="045" ind1="1" ind2=" ">
			<marc:subfield code="b">d1963</marc:subfield>
			<marc:subfield code="b">d1973</marc:subfield>
		</marc:datafield>
		<marc:datafield tag="047" ind1=" " ind2=" ">
			<marc:subfield code="a">sy</marc:subfield>
			<marc:subfield code="a">su</marc:subfield>
			<marc:subfield code="a">op</marc:subfield>
		</marc:datafield>
		<marc:datafield tag="048" ind1=" " ind2=" ">
			<marc:subfield code="a">oa</marc:subfield>
		</marc:datafield>
		<marc:datafield tag="048" ind1=" " ind2=" ">
			<marc:subfield code="b">sc01</marc:subfield>
			<marc:subfield code="a">oa</marc:subfield>
		</marc:datafield>
		<marc:datafield tag="050" ind1=" " ind2="4">
			<marc:subfield code="a">M1016</marc:subfield>
			<marc:subfield code="b">.B75 op. 68 1985</marc:subfield>
		</marc:datafield>
		<marc:datafield tag="082" ind1="0" ind2="4">
			<marc:subfield code="a">785.3</marc:subfield>
		</marc:datafield>
		<marc:datafield tag="082" ind1="0" ind2="4">
			<marc:subfield code="a">789.912511</marc:subfield>
			<marc:subfield code="2">19</marc:subfield>
		</marc:datafield>
		<marc:datafield tag="100" ind1="1" ind2=" ">
			<marc:subfield code="a">Britten, Benjamin,</marc:subfield>
			<marc:subfield code="d">1913-1976.</marc:subfield>
		</marc:datafield>
		<marc:datafield tag="240" ind1="1" ind2="0">
			<marc:subfield code="a">Symphony,</marc:subfield>
			<marc:subfield code="m">cello, orchestra,</marc:subfield>
			<marc:subfield code="n">op. 68</marc:subfield>
		</marc:datafield>
		<marc:datafield tag="245" ind1="1" ind2="0">
			<marc:subfield code="a">Symphony for cello and orchestra in D, op. 68 ;</marc:subfield>
			<marc:subfield code="b">Suite from Death in Venice : op. 88 /</marc:subfield>
			<marc:subfield code="c">Benjamin Britten.</marc:subfield>
		</marc:datafield>
		<marc:datafield tag="260" ind1=" " ind2=" ">
			<marc:subfield code="a">London, England :</marc:subfield>
			<marc:subfield code="b">Chandos,</marc:subfield>
			<marc:subfield code="c">℗1985.</marc:subfield>
		</marc:datafield>
		<marc:datafield tag="300" ind1=" " ind2=" ">
			<marc:subfield code="a">1 audio disc ;</marc:subfield>
			<marc:subfield code="c">4 3/4 in.</marc:subfield>
		</marc:datafield>
		<marc:datafield tag="306" ind1=" " ind2=" ">
			<marc:subfield code="a">003356</marc:subfield>
			<marc:subfield code="a">002650</marc:subfield>
		</marc:datafield>
		<marc:datafield tag="336" ind1=" " ind2=" ">
			<marc:subfield code="a">performed music</marc:subfield>
			<marc:subfield code="b">prm</marc:subfield>
			<marc:subfield code="2">rdacontent</marc:subfield>
		</marc:datafield>
		<marc:datafield tag="337" ind1=" " ind2=" ">
			<marc:subfield code="a">audio</marc:subfield>
			<marc:subfield code="b">s</marc:subfield>
			<marc:subfield code="2">rdamedia</marc:subfield>
		</marc:datafield>
		<marc:datafield tag="338" ind1=" " ind2=" ">
			<marc:subfield code="a">audio disc</marc:subfield>
			<marc:subfield code="b">sd</marc:subfield>
			<marc:subfield code="2">rdacarrier</marc:subfield>
		</marc:datafield>
		<marc:datafield tag="344" ind1=" " ind2=" ">
			<marc:subfield code="a">digital</marc:subfield>
			<marc:subfield code="2">rdatr</marc:subfield>
		</marc:datafield>
		<marc:datafield tag="344" ind1=" " ind2=" ">
			<marc:subfield code="b">optical</marc:subfield>
			<marc:subfield code="2">rdarm</marc:subfield>
		</marc:datafield>
		<marc:datafield tag="344" ind1=" " ind2=" ">
			<marc:subfield code="c">1.4 m/s</marc:subfield>
		</marc:datafield>
		<marc:datafield tag="347" ind1=" " ind2=" ">
			<marc:subfield code="a">audio file</marc:subfield>
			<marc:subfield code="2">rdaft</marc:subfield>
		</marc:datafield>
		<marc:datafield tag="347" ind1=" " ind2=" ">
			<marc:subfield code="b">CD audio</marc:subfield>
		</marc:datafield>
		<marc:datafield tag="382" ind1=" " ind2=" ">
			<marc:subfield code="a">cello</marc:subfield>
			<marc:subfield code="a">orchestra</marc:subfield>
		</marc:datafield>
		<marc:datafield tag="383" ind1=" " ind2=" ">
			<marc:subfield code="b">op. 68</marc:subfield>
		</marc:datafield>
		<marc:datafield tag="500" ind1=" " ind2=" ">
			<marc:subfield code="a">The 2nd work from the opera, arr. by the conductor.</marc:subfield>
		</marc:datafield>
		<marc:datafield tag="511" ind1="0" ind2=" ">
			<marc:subfield code="a">Raphael Wallfisch, violoncello (1st work) ; English Chamber Orchestra ; Steuart Bedford, conductor.</marc:subfield>
		</marc:datafield>
		<marc:datafield tag="518" ind1=" " ind2=" ">
			<marc:subfield code="a">Recorded in St. Barnabas Church, Finchley and All Saints' Church, Tooting in London in Mar. and Nov. 1984.</marc:subfield>
		</marc:datafield>
		<marc:datafield tag="500" ind1=" " ind2=" ">
			<marc:subfield code="a">Eds. recorded: Boosey &amp; Hawkes Ltd. (1st work); Faber Music Ltd. (2nd work).</marc:subfield>
		</marc:datafield>
		<marc:datafield tag="500" ind1=" " ind2=" ">
			<marc:subfield code="a">Durations: 33:56; 26:50.</marc:subfield>
		</marc:datafield>
		<marc:datafield tag="500" ind1=" " ind2=" ">
			<marc:subfield code="a">Program notes by John Evans and the conductor ([6] pages)--inserted in container.</marc:subfield>
		</marc:datafield>
		<marc:datafield tag="505" ind1="0" ind2=" ">
			<marc:subfield code="a">Symphony for cello and orchestra, op. 68: I. Allegro maestoso ; II. Presto inquieto ; III. Adagio ; IV. Passacaglia: Andante allegro -- Suite from &quot;Death in Venice&quot;, op. 88.</marc:subfield>
		</marc:datafield>
		<marc:datafield tag="650" ind1=" " ind2="0">
			<marc:subfield code="a">Symphonies (Cello with orchestra)</marc:subfield>
		</marc:datafield>
		<marc:datafield tag="650" ind1=" " ind2="0">
			<marc:subfield code="a">Operas</marc:subfield>
			<marc:subfield code="v">Excerpts, Arranged.</marc:subfield>
		</marc:datafield>
		<marc:datafield tag="650" ind1=" " ind2="0">
			<marc:subfield code="a">Suites (Orchestra), Arranged.</marc:subfield>
		</marc:datafield>
		<marc:datafield tag="650" ind1=" " ind2="0">
			<marc:subfield code="a">Symphonies (Cello with orchestra)</marc:subfield>
			<marc:subfield code="y">20th century.</marc:subfield>
		</marc:datafield>
		<marc:datafield tag="650" ind1=" " ind2="0">
			<marc:subfield code="a">Suites (Orchestra)</marc:subfield>
			<marc:subfield code="y">20th century.</marc:subfield>
		</marc:datafield>
		<marc:datafield tag="650" ind1=" " ind2="0">
			<marc:subfield code="a">Cello with orchestra</marc:subfield>
			<marc:subfield code="y">20th century.</marc:subfield>
		</marc:datafield>
		<marc:datafield tag="650" ind1=" " ind2="0">
			<marc:subfield code="a">Orchestral music</marc:subfield>
			<marc:subfield code="y">20th century.</marc:subfield>
		</marc:datafield>
		<marc:datafield tag="650" ind1=" " ind2="6">
			<marc:subfield code="a">Symphonies (Violoncelle et orchestre)</marc:subfield>
			<marc:subfield code="0">(CaQQLa)201-0087526</marc:subfield>
			<marc:subfield code="y">20e siècle.</marc:subfield>
			<marc:subfield code="0">(CaQQLa)201-0373677</marc:subfield>
		</marc:datafield>
		<marc:datafield tag="650" ind1=" " ind2="6">
			<marc:subfield code="a">Suites (Orchestre)</marc:subfield>
			<marc:subfield code="0">(CaQQLa)201-0054069</marc:subfield>
			<marc:subfield code="y">20e siècle.</marc:subfield>
			<marc:subfield code="0">(CaQQLa)201-0373677</marc:subfield>
		</marc:datafield>
		<marc:datafield tag="650" ind1=" " ind2="6">
			<marc:subfield code="a">Violoncelle et orchestre</marc:subfield>
			<marc:subfield code="0">(CaQQLa)201-0018623</marc:subfield>
			<marc:subfield code="y">20e siècle.</marc:subfield>
			<marc:subfield code="0">(CaQQLa)201-0373677</marc:subfield>
		</marc:datafield>
		<marc:datafield tag="650" ind1=" " ind2="6">
			<marc:subfield code="a">Orchestre, Musique d'</marc:subfield>
			<marc:subfield code="0">(CaQQLa)201-0005783</marc:subfield>
			<marc:subfield code="y">20e siècle.</marc:subfield>
			<marc:subfield code="0">(CaQQLa)201-0373677</marc:subfield>
		</marc:datafield>
		<marc:datafield tag="650" ind1=" " ind2="6">
			<marc:subfield code="a">Symphonies (Violoncelle et orchestre)</marc:subfield>
			<marc:subfield code="0">(CaQQLa)201-0087526</marc:subfield>
		</marc:datafield>
		<marc:datafield tag="650" ind1=" " ind2="6">
			<marc:subfield code="a">Opéras</marc:subfield>
			<marc:subfield code="v">Extraits arr.</marc:subfield>
			<marc:subfield code="0">(CaQQLa)201-0014138</marc:subfield>
		</marc:datafield>
		<marc:datafield tag="650" ind1=" " ind2="6">
			<marc:subfield code="a">Suites (Orchestre) arr.</marc:subfield>
			<marc:subfield code="0">(CaQQLa)201-0050969</marc:subfield>
		</marc:datafield>
		<marc:datafield tag="650" ind1=" " ind2="7">
			<marc:subfield code="a">Suites (Orchestra)</marc:subfield>
			<marc:subfield code="2">fast</marc:subfield>
			<marc:subfield code="0">(OCoLC)fst01137923</marc:subfield>
		</marc:datafield>
		<marc:datafield tag="650" ind1=" " ind2="7">
			<marc:subfield code="a">Orchestral music.</marc:subfield>
			<marc:subfield code="2">fast</marc:subfield>
			<marc:subfield code="0">(OCoLC)fst01047289</marc:subfield>
		</marc:datafield>
		<marc:datafield tag="650" ind1=" " ind2="7">
			<marc:subfield code="a">Cello with orchestra.</marc:subfield>
			<marc:subfield code="2">fast</marc:subfield>
			<marc:subfield code="0">(OCoLC)fst01860297</marc:subfield>
		</marc:datafield>
		<marc:datafield tag="650" ind1=" " ind2="7">
			<marc:subfield code="a">Operas</marc:subfield>
			<marc:subfield code="x">Excerpts, Arranged.</marc:subfield>
			<marc:subfield code="2">fast</marc:subfield>
			<marc:subfield code="0">(OCoLC)fst01046207</marc:subfield>
		</marc:datafield>
		<marc:datafield tag="650" ind1=" " ind2="7">
			<marc:subfield code="a">Suites (Orchestra), Arranged.</marc:subfield>
			<marc:subfield code="2">fast</marc:subfield>
			<marc:subfield code="0">(OCoLC)fst01137927</marc:subfield>
		</marc:datafield>
		<marc:datafield tag="650" ind1=" " ind2="7">
			<marc:subfield code="a">Symphonies (Cello with orchestra)</marc:subfield>
			<marc:subfield code="2">fast</marc:subfield>
			<marc:subfield code="0">(OCoLC)fst01861635</marc:subfield>
		</marc:datafield>
		<marc:datafield tag="648" ind1=" " ind2="7">
			<marc:subfield code="a">1900-1999</marc:subfield>
			<marc:subfield code="2">fast</marc:subfield>
		</marc:datafield>
		<marc:datafield tag="700" ind1="1" ind2=" ">
			<marc:subfield code="a">Wallfisch, Raphael,</marc:subfield>
			<marc:subfield code="d">1953-</marc:subfield>
			<marc:subfield code="4">prf</marc:subfield>
		</marc:datafield>
		<marc:datafield tag="700" ind1="1" ind2=" ">
			<marc:subfield code="a">Bedford, Steuart.</marc:subfield>
			<marc:subfield code="4">cnd</marc:subfield>
			<marc:subfield code="4">arr</marc:subfield>
		</marc:datafield>
		<marc:datafield tag="700" ind1="1" ind2="2">
			<marc:subfield code="a">Britten, Benjamin,</marc:subfield>
			<marc:subfield code="d">1913-1976.</marc:subfield>
			<marc:subfield code="t">Death in Venice.</marc:subfield>
			<marc:subfield code="k">Selections;</marc:subfield>
			<marc:subfield code="o">arranged.</marc:subfield>
		</marc:datafield>
		<marc:datafield tag="710" ind1="2" ind2=" ">
			<marc:subfield code="a">English Chamber Orchestra.</marc:subfield>
			<marc:subfield code="4">prf</marc:subfield>
		</marc:datafield>
		<marc:datafield tag="740" ind1="0" ind2="2">
			<marc:subfield code="a">Death in Venice.</marc:subfield>
		</marc:datafield>
		<marc:datafield tag="029" ind1="1" ind2=" ">
			<marc:subfield code="a">AU@</marc:subfield>
			<marc:subfield code="b">000006010581</marc:subfield>
		</marc:datafield>
		<marc:datafield tag="029" ind1="1" ind2=" ">
			<marc:subfield code="a">NLNZL</marc:subfield>
			<marc:subfield code="b">994532173502836</marc:subfield>
		</marc:datafield>
		<marc:datafield tag="029" ind1="1" ind2=" ">
			<marc:subfield code="a">NZ1</marc:subfield>
			<marc:subfield code="b">453217</marc:subfield>
		</marc:datafield>
		<marc:datafield tag="029" ind1="1" ind2=" ">
			<marc:subfield code="a">NZ1</marc:subfield>
			<marc:subfield code="b">5388120</marc:subfield>
		</marc:datafield>
	</marc:record>