
	<marc:record>
		<marc:leader>04958ccm a2200661I  4500</marc:leader>
		<marc:controlfield tag="001">740415</marc:controlfield>
		<marc:controlfield tag="008">731113s1966    nyuzza         n    zxx  </marc:controlfield>
		<marc:controlfield tag="005">20220625011251.0</marc:controlfield>
		<marc:datafield tag="010" ind1=" " ind2=" ">
			<marc:subfield code="a">   68047632 </marc:subfield>
		</marc:datafield>
		<marc:datafield tag="040" ind1=" " ind2=" ">
			<marc:subfield code="a">DLC</marc:subfield>
			<marc:subfield code="b">eng</marc:subfield>
			<marc:subfield code="c">MIA</marc:subfield>
			<marc:subfield code="d">OCL</marc:subfield>
			<marc:subfield code="d">IUG</marc:subfield>
			<marc:subfield code="d">OCL</marc:subfield>
			<marc:subfield code="d">OCLCG</marc:subfield>
			<marc:subfield code="d">N15</marc:subfield>
			<marc:subfield code="d">OCLCQ</marc:subfield>
			<marc:subfield code="d">UBY</marc:subfield>
			<marc:subfield code="d">TJC</marc:subfield>
			<marc:subfield code="d">OCLCO</marc:subfield>
			<marc:subfield code="d">AVA</marc:subfield>
			<marc:subfield code="d">GILDS</marc:subfield>
			<marc:subfield code="d">OCLCO</marc:subfield>
			<marc:subfield code="d">OCLCF</marc:subfield>
			<marc:subfield code="d">OCL</marc:subfield>
			<marc:subfield code="d">OCLCQ</marc:subfield>
			<marc:subfield code="d">CSO</marc:subfield>
			<marc:subfield code="d">OCLCO</marc:subfield>
			<marc:subfield code="d">OCLCQ</marc:subfield>
			<marc:subfield code="d">TJCBL</marc:subfield>
			<marc:subfield code="d">OCLCQ</marc:subfield>
			<marc:subfield code="d">OCLCO</marc:subfield>
		</marc:datafield>
		<marc:datafield tag="019" ind1=" " ind2=" ">
			<marc:subfield code="a">62198888</marc:subfield>
			<marc:subfield code="a">80878058</marc:subfield>
			<marc:subfield code="a">81180062</marc:subfield>
			<marc:subfield code="a">82369841</marc:subfield>
			<marc:subfield code="a">1008347978</marc:subfield>
			<marc:subfield code="a">1201600827</marc:subfield>
		</marc:datafield>
		<marc:datafield tag="028" ind1="3" ind2="0">
			<marc:subfield code="a">6995</marc:subfield>
			<marc:subfield code="b">C. F. Peters</marc:subfield>
		</marc:datafield>
		<marc:datafield tag="029" ind1="1" ind2=" ">
			<marc:subfield code="a">AU@</marc:subfield>
			<marc:subfield code="b">000054438536</marc:subfield>
		</marc:datafield>
		<marc:datafield tag="029" ind1="1" ind2=" ">
			<marc:subfield code="a">AU@</marc:subfield>
			<marc:subfield code="b">000058106567</marc:subfield>
		</marc:datafield>
		<marc:datafield tag="041" ind1="0" ind2=" ">
			<marc:subfield code="g">eng</marc:subfield>
		</marc:datafield>
		<marc:datafield tag="045" ind1=" " ind2=" ">
			<marc:subfield code="a">x6x6</marc:subfield>
		</marc:datafield>
		<marc:datafield tag="048" ind1=" " ind2=" ">
			<marc:subfield code="a">pn01</marc:subfield>
		</marc:datafield>
		<marc:datafield tag="048" ind1=" " ind2=" ">
			<marc:subfield code="a">pn02</marc:subfield>
		</marc:datafield>
		<marc:datafield tag="048" ind1=" " ind2=" ">
			<marc:subfield code="a">pn03</marc:subfield>
		</marc:datafield>
		<marc:datafield tag="048" ind1=" " ind2=" ">
			<marc:subfield code="a">pn04</marc:subfield>
		</marc:datafield>
		<marc:datafield tag="048" ind1=" " ind2=" ">
			<marc:subfield code="a">pn05</marc:subfield>
		</marc:datafield>
		<marc:datafield tag="050" ind1="0" ind2="4">
			<marc:subfield code="a">M146</marc:subfield>
			<marc:subfield code="b">.M</marc:subfield>
		</marc:datafield>
		<marc:datafield tag="082" ind1="0" ind2="4">
			<marc:subfield code="a">789.9</marc:subfield>
		</marc:datafield>
		<marc:datafield tag="100" ind1="1" ind2=" ">
			<marc:subfield code="a">Moran, Robert,</marc:subfield>
			<marc:subfield code="d">1937-</marc:subfield>
		</marc:datafield>
		<marc:datafield tag="240" ind1="1" ind2="0">
			<marc:subfield code="a">Bombardments,</marc:subfield>
			<marc:subfield code="n">no. 2</marc:subfield>
		</marc:datafield>
		<marc:datafield tag="245" ind1="1" ind2="0">
			<marc:subfield code="a">Bombardments, no. 2;</marc:subfield>
			<marc:subfield code="b">percussion ensemble, 1 to 5 players.</marc:subfield>
		</marc:datafield>
		<marc:datafield tag="260" ind1=" " ind2=" ">
			<marc:subfield code="a">[New York],</marc:subfield>
			<marc:subfield code="b">[C.F. Peters Corp.],</marc:subfield>
			<marc:subfield code="c">[©1966]</marc:subfield>
		</marc:datafield>
		<marc:datafield tag="300" ind1=" " ind2=" ">
			<marc:subfield code="a">5 diagrammatic scores ([1] folded 1. each)</marc:subfield>
			<marc:subfield code="c">30 cm</marc:subfield>
		</marc:datafield>
		<marc:datafield tag="306" ind1=" " ind2=" ">
			<marc:subfield code="a">000900</marc:subfield>
		</marc:datafield>
		<marc:datafield tag="336" ind1=" " ind2=" ">
			<marc:subfield code="a">notated music</marc:subfield>
			<marc:subfield code="b">ntm</marc:subfield>
			<marc:subfield code="2">rdacontent</marc:subfield>
		</marc:datafield>
		<marc:datafield tag="337" ind1=" " ind2=" ">
			<marc:subfield code="a">unmediated</marc:subfield>
			<marc:subfield code="b">n</marc:subfield>
			<marc:subfield code="2">rdamedia</marc:subfield>
		</marc:datafield>
		<marc:datafield tag="338" ind1=" " ind2=" ">
			<marc:subfield code="a">volume</marc:subfield>
			<marc:subfield code="b">nc</marc:subfield>
			<marc:subfield code="2">rdacarrier</marc:subfield>
		</marc:datafield>
		<marc:datafield tag="382" ind1="0" ind2="1">
			<marc:subfield code="a">percussion instrument</marc:subfield>
			<marc:subfield code="n">1</marc:subfield>
			<marc:subfield code="v">high hat</marc:subfield>
			<marc:subfield code="d">bongos</marc:subfield>
			<marc:subfield code="n">1</marc:subfield>
			<marc:subfield code="d">snare drum</marc:subfield>
			<marc:subfield code="n">1</marc:subfield>
			<marc:subfield code="d">guiro</marc:subfield>
			<marc:subfield code="n">1</marc:subfield>
			<marc:subfield code="d">cymbal</marc:subfield>
			<marc:subfield code="n">1</marc:subfield>
			<marc:subfield code="d">gong</marc:subfield>
			<marc:subfield code="n">1</marc:subfield>
			<marc:subfield code="d">timpani</marc:subfield>
			<marc:subfield code="n">1</marc:subfield>
			<marc:subfield code="d">cowbell</marc:subfield>
			<marc:subfield code="n">1</marc:subfield>
			<marc:subfield code="d">marimba</marc:subfield>
			<marc:subfield code="n">1</marc:subfield>
			<marc:subfield code="s">1</marc:subfield>
			<marc:subfield code="2">lcmpt</marc:subfield>
		</marc:datafield>
		<marc:datafield tag="382" ind1="0" ind2="1">
			<marc:subfield code="a">percussion instrument</marc:subfield>
			<marc:subfield code="n">1</marc:subfield>
			<marc:subfield code="v">high hat</marc:subfield>
			<marc:subfield code="d">bongos</marc:subfield>
			<marc:subfield code="n">1</marc:subfield>
			<marc:subfield code="d">snare drum</marc:subfield>
			<marc:subfield code="n">1</marc:subfield>
			<marc:subfield code="d">guiro</marc:subfield>
			<marc:subfield code="n">1</marc:subfield>
			<marc:subfield code="d">cymbal</marc:subfield>
			<marc:subfield code="n">1</marc:subfield>
			<marc:subfield code="d">gong</marc:subfield>
			<marc:subfield code="n">1</marc:subfield>
			<marc:subfield code="d">timpani</marc:subfield>
			<marc:subfield code="n">1</marc:subfield>
			<marc:subfield code="d">cowbell</marc:subfield>
			<marc:subfield code="n">1</marc:subfield>
			<marc:subfield code="d">marimba</marc:subfield>
			<marc:subfield code="n">1</marc:subfield>
			<marc:subfield code="a">electronics</marc:subfield>
			<marc:subfield code="s">1</marc:subfield>
			<marc:subfield code="2">lcmpt</marc:subfield>
		</marc:datafield>
		<marc:datafield tag="382" ind1="0" ind2="1">
			<marc:subfield code="a">percussion instrument</marc:subfield>
			<marc:subfield code="n">1</marc:subfield>
			<marc:subfield code="v">high hat</marc:subfield>
			<marc:subfield code="d">bongos</marc:subfield>
			<marc:subfield code="n">1</marc:subfield>
			<marc:subfield code="d">snare drum</marc:subfield>
			<marc:subfield code="n">1</marc:subfield>
			<marc:subfield code="d">guiro</marc:subfield>
			<marc:subfield code="n">1</marc:subfield>
			<marc:subfield code="d">cymbal</marc:subfield>
			<marc:subfield code="n">1</marc:subfield>
			<marc:subfield code="d">gong</marc:subfield>
			<marc:subfield code="n">1</marc:subfield>
			<marc:subfield code="d">timpani</marc:subfield>
			<marc:subfield code="n">1</marc:subfield>
			<marc:subfield code="d">cowbell</marc:subfield>
			<marc:subfield code="n">1</marc:subfield>
			<marc:subfield code="d">marimba</marc:subfield>
			<marc:subfield code="n">1</marc:subfield>
			<marc:subfield code="a">triangle</marc:subfield>
			<marc:subfield code="n">1</marc:subfield>
			<marc:subfield code="d">percussion idiophone</marc:subfield>
			<marc:subfield code="n">1</marc:subfield>
			<marc:subfield code="v">car coil</marc:subfield>
			<marc:subfield code="d">maraca</marc:subfield>
			<marc:subfield code="n">1</marc:subfield>
			<marc:subfield code="d">snare drum</marc:subfield>
			<marc:subfield code="n">1</marc:subfield>
			<marc:subfield code="d">percussion idiophone</marc:subfield>
			<marc:subfield code="n">1</marc:subfield>
			<marc:subfield code="v">brake drums</marc:subfield>
			<marc:subfield code="d">bongos</marc:subfield>
			<marc:subfield code="n">1</marc:subfield>
			<marc:subfield code="d">tom-tom</marc:subfield>
			<marc:subfield code="n">1</marc:subfield>
			<marc:subfield code="d">chimes</marc:subfield>
			<marc:subfield code="n">1</marc:subfield>
			<marc:subfield code="s">2</marc:subfield>
			<marc:subfield code="2">lcmpt</marc:subfield>
		</marc:datafield>
		<marc:datafield tag="382" ind1="0" ind2="1">
			<marc:subfield code="a">percussion instrument</marc:subfield>
			<marc:subfield code="n">1</marc:subfield>
			<marc:subfield code="v">high hat</marc:subfield>
			<marc:subfield code="d">bongos</marc:subfield>
			<marc:subfield code="n">1</marc:subfield>
			<marc:subfield code="d">snare drum</marc:subfield>
			<marc:subfield code="n">1</marc:subfield>
			<marc:subfield code="d">guiro</marc:subfield>
			<marc:subfield code="n">1</marc:subfield>
			<marc:subfield code="d">cymbal</marc:subfield>
			<marc:subfield code="n">1</marc:subfield>
			<marc:subfield code="d">gong</marc:subfield>
			<marc:subfield code="n">1</marc:subfield>
			<marc:subfield code="d">timpani</marc:subfield>
			<marc:subfield code="n">1</marc:subfield>
			<marc:subfield code="d">cowbell</marc:subfield>
			<marc:subfield code="n">1</marc:subfield>
			<marc:subfield code="d">marimba</marc:subfield>
			<marc:subfield code="n">1</marc:subfield>
			<marc:subfield code="a">triangle</marc:subfield>
			<marc:subfield code="n">1</marc:subfield>
			<marc:subfield code="d">percussion idiophone</marc:subfield>
			<marc:subfield code="n">1</marc:subfield>
			<marc:subfield code="v">car coil</marc:subfield>
			<marc:subfield code="d">maraca</marc:subfield>
			<marc:subfield code="n">1</marc:subfield>
			<marc:subfield code="d">snare drum</marc:subfield>
			<marc:subfield code="n">1</marc:subfield>
			<marc:subfield code="d">percussion idiophone</marc:subfield>
			<marc:subfield code="n">1</marc:subfield>
			<marc:subfield code="v">brake drums</marc:subfield>
			<marc:subfield code="d">bongos</marc:subfield>
			<marc:subfield code="n">1</marc:subfield>
			<marc:subfield code="d">tom-tom</marc:subfield>
			<marc:subfield code="n">1</marc:subfield>
			<marc:subfield code="d">chimes</marc:subfield>
			<marc:subfield code="n">1</marc:subfield>
			<marc:subfield code="a">electronics</marc:subfield>
			<marc:subfield code="s">2</marc:subfield>
			<marc:subfield code="2">lcmpt</marc:subfield>
		</marc:datafield>
		<marc:datafield tag="382" ind1="0" ind2="1">
			<marc:subfield code="a">percussion instrument</marc:subfield>
			<marc:subfield code="n">1</marc:subfield>
			<marc:subfield code="v">high hat</marc:subfield>
			<marc:subfield code="d">bongos</marc:subfield>
			<marc:subfield code="n">1</marc:subfield>
			<marc:subfield code="d">snare drum</marc:subfield>
			<marc:subfield code="n">1</marc:subfield>
			<marc:subfield code="d">guiro</marc:subfield>
			<marc:subfield code="n">1</marc:subfield>
			<marc:subfield code="d">cymbal</marc:subfield>
			<marc:subfield code="n">1</marc:subfield>
			<marc:subfield code="d">gong</marc:subfield>
			<marc:subfield code="n">1</marc:subfield>
			<marc:subfield code="d">timpani</marc:subfield>
			<marc:subfield code="n">1</marc:subfield>
			<marc:subfield code="d">cowbell</marc:subfield>
			<marc:subfield code="n">1</marc:subfield>
			<marc:subfield code="d">marimba</marc:subfield>
			<marc:subfield code="n">1</marc:subfield>
			<marc:subfield code="a">triangle</marc:subfield>
			<marc:subfield code="n">1</marc:subfield>
			<marc:subfield code="d">percussion idiophone</marc:subfield>
			<marc:subfield code="n">1</marc:subfield>
			<marc:subfield code="v">car coil</marc:subfield>
			<marc:subfield code="d">maraca</marc:subfield>
			<marc:subfield code="n">1</marc:subfield>
			<marc:subfield code="d">snare dum</marc:subfield>
			<marc:subfield code="n">1</marc:subfield>
			<marc:subfield code="d">percussion idiophone</marc:subfield>
			<marc:subfield code="n">1</marc:subfield>
			<marc:subfield code="v">brake drums</marc:subfield>
			<marc:subfield code="d">bongos</marc:subfield>
			<marc:subfield code="n">1</marc:subfield>
			<marc:subfield code="d">tom-tom</marc:subfield>
			<marc:subfield code="n">1</marc:subfield>
			<marc:subfield code="d">chimes</marc:subfield>
			<marc:subfield code="n">1</marc:subfield>
			<marc:subfield code="a">piano</marc:subfield>
			<marc:subfield code="n">1</marc:subfield>
			<marc:subfield code="d">celesta</marc:subfield>
			<marc:subfield code="n">1</marc:subfield>
			<marc:subfield code="d">radio receiver</marc:subfield>
			<marc:subfield code="n">1</marc:subfield>
			<marc:subfield code="d">percussion idiophone</marc:subfield>
			<marc:subfield code="n">1</marc:subfield>
			<marc:subfield code="v">anvil</marc:subfield>
			<marc:subfield code="d">bass drum</marc:subfield>
			<marc:subfield code="n">1</marc:subfield>
			<marc:subfield code="d">chimes</marc:subfield>
			<marc:subfield code="n">1</marc:subfield>
			<marc:subfield code="d">toy instrument</marc:subfield>
			<marc:subfield code="n">1</marc:subfield>
			<marc:subfield code="v">small metal cricket</marc:subfield>
			<marc:subfield code="s">3</marc:subfield>
			<marc:subfield code="2">lcmpt</marc:subfield>
		</marc:datafield>
		<marc:datafield tag="382" ind1="0" ind2="1">
			<marc:subfield code="a">percussion instrument</marc:subfield>
			<marc:subfield code="n">1</marc:subfield>
			<marc:subfield code="v">high hat</marc:subfield>
			<marc:subfield code="d">bongos</marc:subfield>
			<marc:subfield code="n">1</marc:subfield>
			<marc:subfield code="d">snare drum</marc:subfield>
			<marc:subfield code="n">1</marc:subfield>
			<marc:subfield code="d">guiro</marc:subfield>
			<marc:subfield code="n">1</marc:subfield>
			<marc:subfield code="d">cymbal</marc:subfield>
			<marc:subfield code="n">1</marc:subfield>
			<marc:subfield code="d">gong</marc:subfield>
			<marc:subfield code="n">1</marc:subfield>
			<marc:subfield code="d">timpani</marc:subfield>
			<marc:subfield code="n">1</marc:subfield>
			<marc:subfield code="d">cowbell</marc:subfield>
			<marc:subfield code="n">1</marc:subfield>
			<marc:subfield code="d">marimba</marc:subfield>
			<marc:subfield code="n">1</marc:subfield>
			<marc:subfield code="a">triangle</marc:subfield>
			<marc:subfield code="n">1</marc:subfield>
			<marc:subfield code="d">percussion idiophone</marc:subfield>
			<marc:subfield code="n">1</marc:subfield>
			<marc:subfield code="v">car coil</marc:subfield>
			<marc:subfield code="d">maraca</marc:subfield>
			<marc:subfield code="n">1</marc:subfield>
			<marc:subfield code="d">snare dum</marc:subfield>
			<marc:subfield code="n">1</marc:subfield>
			<marc:subfield code="d">percussion idiophone</marc:subfield>
			<marc:subfield code="n">1</marc:subfield>
			<marc:subfield code="v">brake drums</marc:subfield>
			<marc:subfield code="d">bongos</marc:subfield>
			<marc:subfield code="n">1</marc:subfield>
			<marc:subfield code="d">tom-tom</marc:subfield>
			<marc:subfield code="n">1</marc:subfield>
			<marc:subfield code="d">chimes</marc:subfield>
			<marc:subfield code="n">1</marc:subfield>
			<marc:subfield code="a">piano</marc:subfield>
			<marc:subfield code="n">1</marc:subfield>
			<marc:subfield code="d">celesta</marc:subfield>
			<marc:subfield code="n">1</marc:subfield>
			<marc:subfield code="d">radio receiver</marc:subfield>
			<marc:subfield code="n">1</marc:subfield>
			<marc:subfield code="d">percussion idiophone</marc:subfield>
			<marc:subfield code="n">1</marc:subfield>
			<marc:subfield code="v">anvil</marc:subfield>
			<marc:subfield code="d">bass drum</marc:subfield>
			<marc:subfield code="n">1</marc:subfield>
			<marc:subfield code="d">chimes</marc:subfield>
			<marc:subfield code="n">1</marc:subfield>
			<marc:subfield code="d">toy instrument</marc:subfield>
			<marc:subfield code="n">1</marc:subfield>
			<marc:subfield code="v">small metal cricket</marc:subfield>
			<marc:subfield code="a">triangle</marc:subfield>
			<marc:subfield code="n">1</marc:subfield>
			<marc:subfield code="d">percussion idiophone</marc:subfield>
			<marc:subfield code="n">1</marc:subfield>
			<marc:subfield code="v">carl coil</marc:subfield>
			<marc:subfield code="d">bongos</marc:subfield>
			<marc:subfield code="n">1</marc:subfield>
			<marc:subfield code="d">tabla</marc:subfield>
			<marc:subfield code="n">1</marc:subfield>
			<marc:subfield code="d">timpani</marc:subfield>
			<marc:subfield code="n">1</marc:subfield>
			<marc:subfield code="d">chimes</marc:subfield>
			<marc:subfield code="n">1</marc:subfield>
			<marc:subfield code="d">percussion idiophone</marc:subfield>
			<marc:subfield code="n">1</marc:subfield>
			<marc:subfield code="v">brake drums</marc:subfield>
			<marc:subfield code="d">xylophone</marc:subfield>
			<marc:subfield code="n">1</marc:subfield>
			<marc:subfield code="s">4</marc:subfield>
			<marc:subfield code="2">lcmpt</marc:subfield>
		</marc:datafield>
		<marc:datafield tag="382" ind1="0" ind2="1">
			<marc:subfield code="a">percussion instrument</marc:subfield>
			<marc:subfield code="n">1</marc:subfield>
			<marc:subfield code="v">high hat</marc:subfield>
			<marc:subfield code="d">bongos</marc:subfield>
			<marc:subfield code="n">1</marc:subfield>
			<marc:subfield code="d">snare drum</marc:subfield>
			<marc:subfield code="n">1</marc:subfield>
			<marc:subfield code="d">guiro</marc:subfield>
			<marc:subfield code="n">1</marc:subfield>
			<marc:subfield code="d">cymbal</marc:subfield>
			<marc:subfield code="n">1</marc:subfield>
			<marc:subfield code="d">gong</marc:subfield>
			<marc:subfield code="n">1</marc:subfield>
			<marc:subfield code="d">timpani</marc:subfield>
			<marc:subfield code="n">1</marc:subfield>
			<marc:subfield code="d">cowbell</marc:subfield>
			<marc:subfield code="n">1</marc:subfield>
			<marc:subfield code="d">marimba</marc:subfield>
			<marc:subfield code="n">1</marc:subfield>
			<marc:subfield code="a">triangle</marc:subfield>
			<marc:subfield code="n">1</marc:subfield>
			<marc:subfield code="d">percussion idiophone</marc:subfield>
			<marc:subfield code="n">1</marc:subfield>
			<marc:subfield code="v">car coil</marc:subfield>
			<marc:subfield code="d">maraca</marc:subfield>
			<marc:subfield code="n">1</marc:subfield>
			<marc:subfield code="d">snare dum</marc:subfield>
			<marc:subfield code="n">1</marc:subfield>
			<marc:subfield code="d">percussion idiophone</marc:subfield>
			<marc:subfield code="n">1</marc:subfield>
			<marc:subfield code="v">brake drums</marc:subfield>
			<marc:subfield code="d">bongos</marc:subfield>
			<marc:subfield code="n">1</marc:subfield>
			<marc:subfield code="d">tom-tom</marc:subfield>
			<marc:subfield code="n">1</marc:subfield>
			<marc:subfield code="d">chimes</marc:subfield>
			<marc:subfield code="n">1</marc:subfield>
			<marc:subfield code="a">piano</marc:subfield>
			<marc:subfield code="n">1</marc:subfield>
			<marc:subfield code="d">celesta</marc:subfield>
			<marc:subfield code="n">1</marc:subfield>
			<marc:subfield code="d">radio receiver</marc:subfield>
			<marc:subfield code="n">1</marc:subfield>
			<marc:subfield code="d">percussion idiophone</marc:subfield>
			<marc:subfield code="n">1</marc:subfield>
			<marc:subfield code="v">anvil</marc:subfield>
			<marc:subfield code="d">bass drum</marc:subfield>
			<marc:subfield code="n">1</marc:subfield>
			<marc:subfield code="d">chimes</marc:subfield>
			<marc:subfield code="n">1</marc:subfield>
			<marc:subfield code="d">toy instrument</marc:subfield>
			<marc:subfield code="n">1</marc:subfield>
			<marc:subfield code="v">small metal cricket</marc:subfield>
			<marc:subfield code="a">triangle</marc:subfield>
			<marc:subfield code="n">1</marc:subfield>
			<marc:subfield code="d">percussion idiophone</marc:subfield>
			<marc:subfield code="n">1</marc:subfield>
			<marc:subfield code="v">carl coil</marc:subfield>
			<marc:subfield code="d">bongos</marc:subfield>
			<marc:subfield code="n">1</marc:subfield>
			<marc:subfield code="d">tabla</marc:subfield>
			<marc:subfield code="n">1</marc:subfield>
			<marc:subfield code="d">timpani</marc:subfield>
			<marc:subfield code="n">1</marc:subfield>
			<marc:subfield code="d">chimes</marc:subfield>
			<marc:subfield code="n">1</marc:subfield>
			<marc:subfield code="d">percussion idiophone</marc:subfield>
			<marc:subfield code="n">1</marc:subfield>
			<marc:subfield code="v">brake drums</marc:subfield>
			<marc:subfield code="d">xylophone</marc:subfield>
			<marc:subfield code="n">1</marc:subfield>
			<marc:subfield code="a">finger cymbals</marc:subfield>
			<marc:subfield code="n">1</marc:subfield>
			<marc:subfield code="d">claves</marc:subfield>
			<marc:subfield code="n">1</marc:subfield>
			<marc:subfield code="d">drum</marc:subfield>
			<marc:subfield code="n">1</marc:subfield>
			<marc:subfield code="d">cymbal</marc:subfield>
			<marc:subfield code="n">1</marc:subfield>
			<marc:subfield code="d">gong</marc:subfield>
			<marc:subfield code="n">1</marc:subfield>
			<marc:subfield code="d">bongos</marc:subfield>
			<marc:subfield code="n">1</marc:subfield>
			<marc:subfield code="d">tom-tom</marc:subfield>
			<marc:subfield code="n">1</marc:subfield>
			<marc:subfield code="d">percussion idiophone</marc:subfield>
			<marc:subfield code="n">1</marc:subfield>
			<marc:subfield code="v">temple blocks</marc:subfield>
			<marc:subfield code="d">vibraphone</marc:subfield>
			<marc:subfield code="n">1</marc:subfield>
			<marc:subfield code="s">5</marc:subfield>
			<marc:subfield code="2">lcmpt</marc:subfield>
		</marc:datafield>
		<marc:datafield tag="383" ind1=" " ind2=" ">
			<marc:subfield code="a">no. 2</marc:subfield>
		</marc:datafield>
		<marc:datafield tag="500" ind1=" " ind2=" ">
			<marc:subfield code="a">Publisher's no.: Edition Peters, no. 6995.</marc:subfield>
		</marc:datafield>
		<marc:datafield tag="500" ind1=" " ind2=" ">
			<marc:subfield code="a">Cover title.</marc:subfield>
		</marc:datafield>
		<marc:datafield tag="546" ind1=" " ind2=" ">
			<marc:subfield code="b">Graphic notation.</marc:subfield>
		</marc:datafield>
		<marc:datafield tag="583" ind1=" " ind2=" ">
			<marc:subfield code="a">Collated</marc:subfield>
			<marc:subfield code="c">20040205</marc:subfield>
			<marc:subfield code="l">Missing pieces</marc:subfield>
			<marc:subfield code="z">Library's copy lacks 1 score.</marc:subfield>
			<marc:subfield code="5">UkLNAL</marc:subfield>
		</marc:datafield>
		<marc:datafield tag="650" ind1=" " ind2="0">
			<marc:subfield code="a">Percussion music</marc:subfield>
			<marc:subfield code="v">Scores and parts.</marc:subfield>
		</marc:datafield>
		<marc:datafield tag="650" ind1=" " ind2="0">
			<marc:subfield code="a">Percussion ensembles</marc:subfield>
			<marc:subfield code="v">Scores and parts.</marc:subfield>
		</marc:datafield>
		<marc:datafield tag="650" ind1=" " ind2="6">
			<marc:subfield code="a">Percussion, Musique de</marc:subfield>
			<marc:subfield code="0">(CaQQLa)201-0021542</marc:subfield>
			<marc:subfield code="v">Partitions et parties.</marc:subfield>
			<marc:subfield code="0">(CaQQLa)201-0377154</marc:subfield>
		</marc:datafield>
		<marc:datafield tag="650" ind1=" " ind2="6">
			<marc:subfield code="a">Ensembles à percussion</marc:subfield>
			<marc:subfield code="0">(CaQQLa)201-0029337</marc:subfield>
			<marc:subfield code="v">Partitions et parties.</marc:subfield>
			<marc:subfield code="0">(CaQQLa)201-0377154</marc:subfield>
		</marc:datafield>
		<marc:datafield tag="650" ind1=" " ind2="7">
			<marc:subfield code="a">Percussion ensembles</marc:subfield>
			<marc:subfield code="x">Scores and parts.</marc:subfield>
			<marc:subfield code="2">fast</marc:subfield>
			<marc:subfield code="0">(OCoLC)fst01906126</marc:subfield>
		</marc:datafield>
		<marc:datafield tag="655" ind1=" " ind2="1">
			<marc:subfield code="a">Graphic notation</marc:subfield>
			<marc:subfield code="z">U.S.A.</marc:subfield>
			<marc:subfield code="y">1966.</marc:subfield>
		</marc:datafield>
		<marc:datafield tag="655" ind1=" " ind2="7">
			<marc:subfield code="a">Scores.</marc:subfield>
			<marc:subfield code="2">aat</marc:subfield>
		</marc:datafield>
		<marc:datafield tag="655" ind1=" " ind2="7">
			<marc:subfield code="a">Parts (Music)</marc:subfield>
			<marc:subfield code="2">fast</marc:subfield>
			<marc:subfield code="0">(OCoLC)fst01692889</marc:subfield>
		</marc:datafield>
		<marc:datafield tag="655" ind1=" " ind2="7">
			<marc:subfield code="a">Scores.</marc:subfield>
			<marc:subfield code="2">fast</marc:subfield>
			<marc:subfield code="0">(OCoLC)fst01692898</marc:subfield>
		</marc:datafield>
		<marc:datafield tag="655" ind1=" " ind2="7">
			<marc:subfield code="a">Scores.</marc:subfield>
			<marc:subfield code="2">lcgft</marc:subfield>
		</marc:datafield>
		<marc:datafield tag="655" ind1=" " ind2="7">
			<marc:subfield code="a">Parts (Music)</marc:subfield>
			<marc:subfield code="2">lcgft</marc:subfield>
		</marc:datafield>
		<marc:datafield tag="655" ind1=" " ind2="7">
			<marc:subfield code="a">Partitions (Musique)</marc:subfield>
			<marc:subfield code="2">rvmgf</marc:subfield>
			<marc:subfield code="0">(CaQQLa)RVMGF-000000816</marc:subfield>
		</marc:datafield>
		<marc:datafield tag="655" ind1=" " ind2="7">
			<marc:subfield code="a">Parties (Musique)</marc:subfield>
			<marc:subfield code="2">rvmgf</marc:subfield>
			<marc:subfield code="0">(CaQQLa)RVMGF-000000815</marc:subfield>
		</marc:datafield>
		<marc:datafield tag="776" ind1="0" ind2="8">
			<marc:subfield code="i">Online version:</marc:subfield>
			<marc:subfield code="a">Moran, Robert, 1937-</marc:subfield>
			<marc:subfield code="s">Bombardments, no. 2.</marc:subfield>
			<marc:subfield code="t">Bombardments, no. 2.</marc:subfield>
			<marc:subfield code="d">[New York, C.F. Peters Corp., ©1966]</marc:subfield>
			<marc:subfield code="w">(OCoLC)1086003680</marc:subfield>
		</marc:datafield>
	</marc:record>
</marc:collection>
